1693 3110
268 206 353 263 ,ω
446 252 448 257 ,
572 197 1200 253 ntspu‘ra'rro

273 328 374 372 licet
394 324 566 375 Patres,
595 335 690 365 cum
722 321 924 363 Graecam
962 320 1285 376 Philosophiam
1311 326 1492 380 exagita-

274 413 395 455 rent,
424 403 468 443 in
492 411 623 454 eaque
651 394 868 451 Unitatem
892 397 971 441 Dei
1004 398 1152 440 multis
1175 400 1496 456 manifestisque

272 478 530 528 testimoniis
556 476 841 518 confirmatam
873 485 1114 527 cernerent,
1147 489 1253 528 quae
1289 478 1501 530 repudiari

274 556 490 611 -negligive
515 566 601 597 non
627 561 835 608 possent,
869 554 925 594 ita
962 563 1007 595 se
1028 564 1220 595 caussam
1246 565 1364 595 suam
1391 555 1508 597 calli·

273 634 454 679 dissime
489 640 658 673 acturos
695 628 946 682 sperabant,
988 628 1022 668 si
1059 629 1182 682 plura
1217 629 1339 670 etiam
1376 629 1508 673 Grae-

277 709 371 762 cis,
400 707 532 749 veluti
566 704 795 748 Trinitatis
832 703 1091 756 aliarumque
1128 715 1264 746 rerum
1296 707 1510 758 cognitio·

271 799 373 832 ,nem
403 786 662 835 tribuerent,
706 793 881 833 eamque
924 791 975 822 ex
1021 782 1274 823 commercio
1304 794 1400 823 cum
1430 782 1509 836 Ju-

280 863 394 912 daeis
425 871 466 904 et
505 859 732 914 Aegyptiis
771 860 822 899 ad
858 869 930 900 eos
966 857 1142 900 flux1sse
1189 861 1507 913 contenderentss

275 937 419 993 -Igitur
451 944 720 981 monumenta
751 943 792 976 et
823 944 918 976 vera
953 933 1129 975 inillam
1161 935 1408 977 sententiam
1443 935 1512 977 de-

282 1012 568 1066 torquebant,
601 1020 640 1051 et
664 1008 768 1051 falsa
795 1008 948 1062 cupide
965 1008 1235 1062 arripiebant.

341 1091 549 1134 Prodeant
582 1088 780 1130 certiores
817 1096 1039 1138 auctores,
1072 1095 1113 1128 et
1140 1087 1339 1141 princeps
1369 1099 1515 1131 eorum

285 1173 596 1215 HOMERUS.
658 1166 741 1208 Hic
779 1176 1034 1219 quamquam
1066 1165 1182 1208 Deos
1213 1167 1264 1208 ad
1287 1167 1515 1211 humanam

274 1249 612 1295 imbecillitatem
654 1245 927 1297 informavit,
970 1255 1108 1287 tamen
1137 1247 1259 1300 Jovis
1291 1246 1514 1300 imperium

274 1328 390 1370 ›adeo
415 1337 541 1378 supra
567 1321 752 1374 reliquos
783 1332 927 1362 omnes
964 1320 1130 1372 evexit,
1164 1330 1209 1362 ut
1230 1322 1328 1363 haec
1353 1334 1427 1375 per
1451 1332 1518 1365 to·

285 1413 370 1447 tam
396 1401 593 1445 carminis
617 1399 820 1440 rationem
847 1399 1054 1439 sententia
1073 1397 1278 1439 dominari
1297 1398 1515 1452 videatur,

274 1482 425 1524 Deum
453 1477 618 1532 quidem
641 1485 882 1527 supremum
904 1485 991 1515 non
1019 1485 1111 1515 esse
1128 1473 1211 1515 nisi
1239 1486 1385 1518 unum.
1443 1475 1516 1518 Ne

291 1557 433 1604 omnia
455 1556 547 1610 ejus
577 1553 619 1595 in
645 1551 751 1593 hanc
781 1562 865 1591 rem
895 1550 1008 1591 dicta
1031 1550 1288 1601 excitemus3
1321 1554 1425 1594 satis
1447 1552 1520 1595 ha-

288 1637 361 1679 bet
385 1627 647 1674 auctoritatis
681 1626 748 1668 vel
775 1636 887 1667 unus
921 1624 1042 1665 locus
1070 1622 1122 1665 11.
1149 1622 1204 1666 O.
1244 1623 1396 1677 initio,
1427 1638 1516 1678 quo

289 1721 487 1765 suprema
504 1703 628 1760 Jovis
663 1704 887 1757 majestas,
918 1699 1060 1753 specie
1099 1699 1351 1742 ini'ormatur
1385 1714 1520 1756 augu-

292 1787 497 1834 stissima.
554 1782 790 1836 Igiturnec
816 1779 958 1821 Patres
983 1778 1258 1830 dubitarunt,
1294 1780 1399 1822 hanc
1423 1779 1517 1821 Ho-

276 1877 412 1909 ³·mero
444 1859 689 1904 sententiam
723 1856 932 1908 tribuere,
975 1863 1015 1896 et
1042 1854 1154 1896 -alios
1179 1866 1239 1896 >eo
1264 1855 1423 1896 trahere
1456 1856 1522 1897 lo·

293 1951 401 1981 cos:
435 1932 568 1979 veluti
587 1930 783 1987 Justinus
815 1929 948 1972 Mart.
989 1930 1175 1972 Cohort.
1208 1943 1254 1983 p.
1287 1942 1352 1984 17.
1386 1929 1443 1976 C.
1479 1940 1519 1974 et

295 2015 489 2070 Cyrillus
512 2011 634 2053 Alex.
657 2019 805 2051 contra
819 2006 978 2062 Julian.
1002 2007 1036 2049 I.
1071 2020 1111 2060 p.
1139 2019 1206 2060 27.
1235 2006 1291 2049 C.

353 2091 541 2133 Homero
567 2085 787 2140 proximus
812 2094 875 2126 est
899 2095 1071 2125 nest-o
1088 2094 1160 2123 Du
1177 2095 1196 2124 s
1214 2112 1229 2134 ,
1263 2082 1387 2136 cujus
1415 2082 1521 2135 quin

295 2169 435 2212 eadem
458 2163 586 2205 fuerit
605 2160 781 2214 opinio,
812 2160 949 2214 ipsum
973 2157 1167 2200 carminis
1190 2159 1280 2211 eJ’us
1301 2171 1522 2211 argumen-

296 2252 390 2284 tum
418 2238 608 2283 dubitare
626 2248 712 2279 non
736 2236 857 2278 sinit.
919 2235 1115 2277 Clemens
1145 2234 1312 2286 quidem
1343 2235 1525 2277 Alexan-

277 2321 448 2364 ‘drinus
470 2328 562 2358 eum
599 2314 642 2356 in
679 2313 732 2357 iis
757 2322 976 2366 numerat,
1013 2312 1167 2366 quibus
1197 2311 1314 2355 Deus
1337 2313 1522 2365 aliquam

276 2395 369 2439 lsui
397 2392 682 2446 cognitionem
731 2389 1025 2440 concesserit,
1071 2398 1112 2431 et
1152 2401 1320 2431 versum
1355 2390 1446 2445 ejus
1476 2390 1527 2433 de

302 2472 404 2517 Uno
429 2471 520 2512 Deo
544 2480 711 2510 summo
734 2467 874 2509 laudat
898 2465 1084 2508 Cohort.
1108 2479 1154 2519 p.
1178 2469 1251 2519 48.
1278 2468 1332 2509 A.

356 2547 464 2602 Non
493 2556 557 2590 est
581 2545 718 2589 nostri
759 2543 946 2595 instituti
991 2543 1292 2598 physiologiae
1335 2540 1529 2586 Homeri-

1459 2629 1530 2661 cae
