1693 3110
360 158 468 203 DE
534 155 977 214 UN1TATE
1044 160 1217 206 DEI.
1316 173 1402 220 425

185 295 289 326 rum·
319 293 412 336 est,
446 280 562 334 quod
593 279 651 322 ait
686 278 932 334 Josephus‚
963 279 1081 321 solos
1102 285 1284 334 judaeos
1306 287 1399 341 jus.

183 358 407 415 jurandum
447 358 526 399 hoc
562 354 796 405 habuisse,
838 355 940 395 satis
993 356 1274 409 intelligitur,
1317 361 1402 397 exi-

187 446 311 488 guam
350 444 424 477 aut
446 433 601 476 nullam
623 431 876 485 Judaeorum
904 432 1107 474 rationem
1134 433 1405 475 notionemve

186 509 417 562 habuisse,
450 521 496 552 ut
520 521 663 554 eorum
689 509 786 550 loco
814 507 974 561 Tyrios
1001 509 1253 551 nominaret.
1312 508 1402 551 Ne-

187 598 271 638 que
307 597 444 628 tamen
472 587 623 637 video,
654 585 760 638 quid
785 584 878 635 sit,
912 584 1016 636 quin
1056 584 1199 629 eodem
1233 585 1408 628 nomine

186 659 311 714 Tyrii
349 672 522 714 quoque
552 660 846 715 jusjurandum
895 658 1136 702 habuerint.
1208 658 1290 702 Sed
1323 660 1406 701 hoc

185 750 274 785 non
307 750 553 791 magnopere
590 738 733 779 miror.
796 736 906 777 Illud
940 736 1069 788 magis
1105 736 1292 778 mirabile
1333 748 1403 778 ac-

185 813 319 865 cidit,
352 815 566 865 quomodo
602 812 759 853 factum
799 811 888 862 sit,
919 821 967 852 ut
999 809 1214 865 Josephus
1247 811 1408 854 obscu-

185 902 279 934 rum
316 889 430 932 hunc
470 888 757 940 Theophrasti
791 888 932 931 locum
972 889 1226 941 protulerit,
1272 890 1404 936 alium

186 977 368 1018 eumque
409 965 607 1006 disertum
647 964 903 1018 neglexerit3
948 976 1069 1017 quem
1104 976 1407 1013 commemora-

184 1040 250 1086 vit
289 1039 501 1081 Eusebius
533 1039 680 1093 Praep.
710 1040 878 1094 Evang.
909 1042 999 1092 IX,
1033 1053 1077 1082 2.
1127 1040 1201 1092 qui
1229 1042 1403 1092 quidem

184 1116 410 1169 Porphyrii
440 1116 703 1166 orationem,
730 1128 844 1169 -quae
872 1125 937 1158 est
971 1117 1020 1156 de
1056 1115 1308 1159 Abstinent.
1339 1116 1412 1170 Π,

186 1197 261 1235 20,
293 1192 350 1233 ita
381 1191 571 1243 accepit,
603 1203 648 1231 ac
685 1190 722 1231 si
758 1203 806 1232 ex
842 1190 1142 1243 Theophrasto
1181 1202 1322 1234 sumta
1344 1205 1411 1233 es-

186 1278 265 1310 set.
336 1267 483 1309 Locus
525 1267 570 1308 in
610 1266 838 1318 Porphyrii
892 1267 1001 1309 libro
1039 1277 1272 1319 corruptus
1309 1277 1405 1312 est:

184 1348 325 1394 Καίτοι
351 1345 482 1399 Σύρων
505 1346 580 1398 μὲν
603 1342 777 1388 Ἰουδαῖοι
812 1344 876 1387 διὰ
905 1346 976 1394 τὴν
1006 1345 1050 1396 ἐξ
1081 1346 1210 1398 ἀρχῆς
1246 1346 1412 1394 θυσίαν,

181 1421 240 1464 ἔτι
281 1422 348 1463 καὶ
385 1426 479 1469 νῦν,
515 1425 635 1472 [Dm-tv
669 1421 688 1462 ὃ
732 1420 986 1472 Θεόφραστος
1022 1420 1231 1472 ζωοθυτοῦν
1267 1421 1300 1463 εἰ
1342 1420 1410 1462 τὸν

187 1498 310 1541 αὐτὸν
341 1495 547 1548 (τρόπον)
585 1497 693 1545 ἡμᾶς
718 1497 907 1539 κελεύοιεν
930 1496 1028 1537 θύειν
1054 1497 1333 1547 ἀποστ-κίημεν
1357 1495 1410 1539 ἂν

187 1577 258 1619 τῆς
294 1570 489 1622 πράξεως.
549 1566 703 1619 Neque
740 1580 837 1608 vero
866 1567 1008 1608 sanior
1043 1577 1107 1609 cst
1134 1569 1263 1612 lectio
1297 1570 1409 1623 apud

185 1646 438 1689 Eusebium.
499 1643 639 1699 Quare
687 1642 721 1686 si
757 1643 853 1696 quis
891 1642 1186 1696 Theophrasti
1228 1647 1408 1689 mentio-

184 1735 279 1765 nem
304 1723 387 1763 huc
414 1721 584 1770 aliunde
615 1720 821 1762 invectam
850 1720 989 1772 dicat3
1023 1721 1082 1762 nil
1112 1721 1246 1764 dicere
1269 1724 1409 1765 videa-

183 1810 256 1845 tur
283 1801 398 1853 quod
440 1799 607 1852 quidem
645 1812 668 1841 a
708 1799 797 1841 veri
840 1800 1116 1842 similitudine
1155 1802 1407 1846 abhorreat:

189 1877 434 1931 praesertim
463 1887 595 1927 quum
623 1874 843 1917 omittatur
867 1888 890 1916 a
909 1872 1101 1929 josepho
1123 1908 1137 1933 2
1171 1879 1245 1930 qui
1269 1880 1411 1921 omnia

189 1953 302 2005 apud
337 1952 574 2004 Scriptores
613 1951 792 2003 vestigia
818 1950 1070 2005 Judaeorurn
1110 1955 1257 1996 sedulo
1283 1967 1411 2007 quae·

187 2030 306 2074 sivit.
366 2027 552 2080 Verum,
606 2027 705 2081 fac,
732 2027 986 2081 judaeorum
1025 2030 1277 2074 mentionem
1316 2042 1411 2073 esse

185 2107 238 2148 ab
270 2106 366 2158 ipso
398 2104 729 2158 Theophrasto:
761 2104 929 2146 videtur
961 2105 1157 2157 profecto
1186 2107 1243 2148 ita
1276 2108 1326 2150 de
1354 2109 1408 2150 iis

184 2182 335 2233 loqui,
368 2191 416 2222 ut
442 2182 518 2235 qui
549 2193 687 2234 neque
720 2193 792 2222 eos
820 2191 1017 2223 accurate
1047 2185 1241 2239 noverit,
1272 2198 1411 2239 neque

185 2257 230 2296 in
261 2257 496 2309 exemplum
531 2256 785 2299 imitationis
817 2257 1108 2309 proposuerit.

244 2328 451 2378 Tertius,
483 2333 557 2384 qui
582 2331 813 2385 aJOSepho
842 2332 1081 2385 excitatur,
1112 2343 1178 2377 est
1211 2334 1405 2380 Herodo-

187 2414 260 2449 tus
285 2403 352 2455 Π,
389 2416 483 2457 104.
528 2408 601 2445 ubi
634 2409 684 2450 de
715 2408 1040 2450 circumcisione
1077 2412 1190 2464 agit:
1235 2417 1405 2462 Φοίνικες

186 2482 226 2529 δὲ
257 2483 324 2527 καὶ
357 2482 471 2538 Σύροι
502 2483 536 2528 οἱ
573 2484 611 2528 ἐν
643 2490 692 2540 τῇ
730 2489 984 2543 Παλαιστίνῃ
1003 2518 1016 2542 ,
1047 2489 1112 2533 καὶ
1134 2492 1245 2537 αὐτοὶ
1267 2494 1406 2545 ὁμολο-

779 2560 860 2602 Du
898 2574 927 2619 5
1335 2569 1405 2622 γέ-
