1693 3110
348 235 433 293 646
638 232 679 279 t>
710 218 728 278 i
757 235 786 277 s
816 218 1063 280 psn‘ffl
1095 236 1136 280 T
1164 220 1253 280 ro

196 382 288 416 sect.
311 381 350 414 x,
377 359 511 401 salute
533 357 717 411 patriae,
751 341 906 412 ouibus
933 356 1179 414 agitatus'et
1205 359 1453 404 exercitatus
1483 360 1592 404 Ani-

218 423 355 460 cicero.
383 446 477 474 mus
498 434 689 476 velocius
720 436 764 477 in
782 435 898 478 ‘hanc
924 434 1145 478 coelestem
1173 437 1307 479 sedem
1348 446 1387 478 et
1425 437 1595 480 domum

381 519 502 550 suam
526 510 792 562 pervolabit:
816 510 952 565 'idque
987 523 1122 565 ocyus
1161 511 1312 564 faciet,
1345 512 1409 564 si,
1438 513 1519 567 jam
1551 513 1596 555 in

381 584 579 638 Corpore
615 586 1006 644 degens5maxime
1052 599 1097 631 se
1130 587 1180 629 ab
1212 600 1262 630 eo
1287 589 1524 630 abstrahere
1555 591 1597 634 et

381 660 432 702 ad
471 654 865 714 contemplationem
915 676 1052 707 rerum
1089 664 1323 707 divinarum
1357 675 1599 710 convertere

382 736 607 779 studuerit.
665 737 824 779 Eorum
860 751 959 782 vero
991 740 1161 793 Animi,
1198 741 1272 793 qui
1308 752 1352 782 se
1392 739 1600 791 Corporis

382 811 678 865 voluptatibus
722 814 1007 868 dediderunt,
1049 824 1089 858 et
1136 815 1325 868 impulsu
1375 813 1597 857 libidinum

380 886 474 947 jura
515 889 697 930 Deorum
740 889 1042 944 hominumque
1064 890 1363 942 violaverunt,
1395 889 1600 942 Corpori-

383 963 465 1004 bus
502 964 634 1016 elapsi
672 966 829 1007 circum
871 976 1017 1010 terram
1055 967 1188 1020 ipsam
1215 967 1484 1009 volutantur:
1516 976 1594 1006 nec

383 1037 497 1081 hunc
525 1039 566 1081 in
592 1040 733 1081 locum
756 1042 976 1084 coelestem
993 1073 1008 1095 ‚
1040 1042 1119 1084 nisi
1145 1041 1290 1085 multis
1317 1039 1511 1094 exagitati
1535 1050 1600 1080 ses·

382 1113 523 1165 culis,
556 1126 838 1161 revertuntur.
869 1118 1005 1163 Conf.
1030 1119 1135 1170 Cap.
1163 1131 1206 1171 9.

442 1188 555 1230 Haec
578 1190 708 1244 igitur
725 1203 852 1245 sunt,
868 1206 973 1246 quae
997 1207 1044 1236 ex
1070 1194 1151 1236 hoe
1167 1192 1311 1234 libello
1333 1191 1384 1234 ad
1404 1187 1600 1235 nostrum

387 1262 633 1306 institutum
658 1267 860 1319 pertinere
883 1270 1124 1311 vedeantur.
1167 1267 1364 1311 Ceterum
1380 1297 1394 1318 ‚
1427 1278 1478 1308 ne
1504 1265 1602 1317 quis

387 1340 498 1383 forte
540 1341 686 1383 harum
728 1343 1026 1384 sententiinum
1051 1340 1336 1385 auctoritatem
1364 1342 1443 1384 hoc
1469 1341 1606 1384 nomi·

386 1429 438 1460 ne
474 1417 690 1469 repudiet,
725 1417 841 1467 quod
877 1426 1087 1468 tamquam
1115 1418 1279 1465 Somnio
1300 1416 1602 1468 continentur,

386 1491 797 1536 animadvertendum
829 1502 921 1543 est,
953 1504 1091 1534 earum
1133 1491 1375 1534 auctoritati
1398 1490 1458 1532 nil
1483 1490 1607 1542 quid·

386 1579 511 1619 quam
537 1567 728 1620 derogari
753 1556 924 1609 nomine
947 1576 987 1608 et
1015 1567 1252 1610 narratione
1277 1565 1449 1608 somnii.
1491 1565 1605 1610 Nam

385 1651 427 1684 et
460 1642 552 1696 ipsa
576 1643 811 1694 disputatio
835 1644 974 1697 gravis
997 1655 1042 1684 ac
1074 1643 1177 1683 seria
1201 1651 1291 1693 est,
1324 1651 1364 1682 et
1391 1643 1480 1696 eJ'ns
1507 1650 1602 1695 para

387 1727 452 1764 tes
489 1718 763 1761 consentiunt
799 1729 894 1760 cum
934 1717 1108 1771 reliquis
1149 1716 1369 1759 Ciceronis
1404 1718 1602 1771 placitis,

388 1807 496 1848 quae
527 1808 650 1848 supra
689 1795 985 1847 exposuimus.
1049 1793 1105 1835 Et
1142 1792 1293 1835 Cicero
1331 1804 1502 1835 secutus
1541 1803 1606 1836 est

388 1871 623 1925 exemplum
659 1871 879 1923 Platonis,
912 1870 986 1923 qui
1025 1867 1230 1912 decimum
1283 1868 1332 1910 de
1366 1861 1602 1922 Republica

388 2017 615 2067 involucro
665 2024 866 2076 plurimae
906 2034 1024 2063 verae
1072 2020 1255 2061 rationes
1298 2019 1608 2072 sententiaeque

390 2100 742 2155 'proditae'su'nt3
784 2108 833 2141 ut
878 2110 956 2140 suo
998 2098 1094 2138 loco
1141 2094 1399 2137 monuimus.
1472 2094 1612 2149 Quare

395 2180 483 2220 non
508 2175 690 2228 dubito,
729 2175 833 2226 quin
860 2187 933 2226 ea,
966 2184 1070 2225 quae
1105 2182 1152 2213 ex
1190 2169 1361 2212 Somnio
1389 2168 1604 2222 Scipionis

394 2252 687 2306 protulimus,
719 2250 827 2292 serio
870 2260 910 2291 et
946 2261 996 2294 ex
1033 2246 1175 2290 Animi
1212 2244 1420 2288 sententia
1440 2257 1462 2286 a
1486 2244 1610 2288 Cice-

395 2340 497 2371 rone
519 2325 795 2380 pronunciata
819 2326 921 2368 sint.

209 2425 339 2456 summa
455 2405 642 2456 Apparet
690 2403 860 2456 igitur,
914 2400 1159 2443 Ciceronem
1203 2399 1252 2440 de
1294 2397 1607 2440 Immortaiitate

165 2474 344 2498 antennae
401 2481 644 2520 sententiani
684 2477 871 2519 Platonis
912 2486 1099 2518 secutum
1145 2487 1268 2526 esse3
1311 2473 1366 2515 ita
1412 2473 1607 2525 quidem,

195 2516 351 2541 lceroms.

164 2509 189 2542 L
398 2564 446 2600 ut
474 2567 525 2599 ex
547 2555 664 2599 illius
688 2552 942 2609 argumentis
966 2551 1140 2597 maxime
1175 2560 1356 2594 uteretur
1388 2548 1469 2602 iis,
1502 2559 1610 2601 quae

1552 2622 1604 2668 ab
