1693 3110
310 168 389 212 DE
421 166 948 212 IMMORTALITATE
978 170 1171 216 ANIMI.
1268 177 1352 230 567

142 300 187 335 et
216 304 307 332 cum
335 288 419 340 fide
450 291 674 334 vixerint?
733 289 851 330 Haec
869 295 1164 347 peregrinatio
1202 294 1358 338 medio·
1375 308 1456 339 sect.
1481 306 1538 340 W.

138 366 228 409 cris
266 366 374 409 vobis
402 364 537 408 videri
575 367 749 420 potest?
810 366 870 407 Ut
907 382 1004 411 vero
1039 370 1219 427 colloqui
1260 386 1355 415 cum
1375 350 1537 385 socrates.

146 441 311 497 Orpheo
334 471 349 492 ‚
402 441 577 482 Musaeo
605 471 618 491 ‚
673 440 853 482 Homero
875 473 890 494 ‚
936 445 1112 487 Hesiodo
1138 474 1153 496 ,
1194 445 1354 502 liceat,

145 522 298 574 quanti
326 517 494 559 tandem
527 518 761 558 aestimatis
775 520 819 560 ,θ’
856 518 1065 574 Equidem
1098 532 1218 576 saepe
1252 536 1359 565 emo·

143 595 215 643 ri,
246 595 283 634 si
305 590 407 644 fieri
429 602 589 648 posset,
621 594 764 635 vellem
779 610 797 648 ‚·
826 602 875 634 ut
909 608 985 645 ea,
1018 608 1127 650 quae
1149 597 1266 650 dico,
1301 600 1363 641 li.

142 678 257 710 ceret
282 670 386 712 mihi
418 671 622 712 invenire.
689 668 875 722 Quantd
907 669 1182 713 delectatione
1214 682 1356 715 autem

144 743 380 797 adficerer,
410 759 502 786 cum
535 743 837 794 Palamedem,
869 759 962 788 cum
1006 747 1213 800 Ajacem,
1258 764 1354 792 cum

139 821 245 862 alios
255 821 423 874 judicio
443 825 587 877 iniquo
612 824 912 862 circumventos
936 826 1217 866 convenirem.
1245 825 1350 867 Teu.

139 906 278 938 tarem
318 900 445 938 etiam
483 899 631 939 summi
673 896 812 950 regis,
858 897 930 951 qui
968 900 1177 944 maximas
1213 903 1355 954 copias

134 971 266 1013 duxit
285 971 346 1011 ad
362 971 397 1011 T
396 972 532 1023 rojam
547 1001 561 1021 ,
586 980 625 1012 et
643 970 767 1012 Ulixi
788 971 1034 1028 Sisyphique
1051 973 1349 1027 prudentiam.

142 1046 236 1087 Nec
271 1046 316 1086 ob
353 1059 442 1087 eam
478 1059 597 1096 rem,
628 1059 721 1086 cum
760 1047 862 1087 haec
906 1060 1206 1102 exquirerem,
1242 1052 1352 1090 sicut

134 1123 209 1163 Mc
219 1120 435 1174 faciebam
451 1151 465 1171 ,
496 1123 638 1175 capite
657 1120 907 1163 damnarer.
966 1121 1040 1162 Ne
1063 1134 1130 1163 vos
1154 1123 1318 1178 quidem
1333 1152 1351 1175 ,

138 1195 329 1246 Iudices,
362 1197 408 1236 hi
442 1198 516 1250 qui
554 1209 617 1236 me
649 1196 911 1247 absolvistis,
942 1206 1116 1239 mortem
1151 1200 1349 1240 timueri-

135 1275 208 1316 tis.
241 1271 334 1312 Nec
359 1273 467 1311 enim
491 1271 690 1323 cuiquam
716 1270 815 1311 bono
842 1271 948 1312 mali
971 1271 1078 1327 quid
1097 1276 1264 1315 evenire
1281 1287 1354 1330 po.

125 1359 243 1399 ππ,
274 1359 347 1389 nec
367 1351 488 1396 vivo,
514 1357 586 1385 nec
612 1354 790 1388 mortuo.
833 1347 926 1388 Nee
943 1361 1140 1403 umquam
1167 1350 1256 1403 ejus
1286 1363 1352 1395 res

135 1440 167 1469 a
199 1425 297 1466 Diis
331 1418 649 1463 Immortalibus
686 1420 992 1473 negliguntur:
1022 1436 1094 1463 nec
1127 1426 1232 1464 mihi
1262 1427 1347 1479 ipsi

138 1502 215 1544 hoc
248 1497 405 1540 accidit
426 1496 631 1548 fortuito.
649 1492 676 1510 ”
703 1510 705 1512 ·
736 1494 849 1543 Haec
885 1496 1078 1538 Socrates
1113 1498 1157 1539 in
1183 1500 1353 1550 Apolo-

135 1575 216 1628 gia,
275 1572 416 1613 Alium
448 1570 496 1610 de
528 1569 600 1609 illo
635 1569 774 1610 locum
809 1571 921 1622 apud
962 1572 1139 1616 eundem
1177 1573 1351 1616 Cicero-

137 1661 229 1692 nem
255 1646 393 1687 Tusc.
420 1644 451 1687 1.
484 1656 566 1696 29,
601 1655 666 1695 30.
700 1644 848 1685 lubens
873 1655 1083 1697 praetereo
1113 1649 1272 1702 quippe
1301 1664 1351 1692 ex

141 1723 329 1768 Platonis
350 1720 567 1762 Phaedone
591 1728 796 1761 sumtum.
858 1719 1024 1763 Omitto
1063 1724 1183 1766 etiam
1212 1726 1351 1769 Xeno·

135 1800 311 1856 phontis
349 1798 490 1838 locum
525 1794 569 1835 in
610 1793 692 1835 fine
724 1795 878 1847 Operis
922 1797 971 1838 de
1007 1796 1126 1850 Cyro
1161 1799 1350 1854 Majore,

135 1877 296 1931 quippe
328 1885 413 1915 non
451 1882 472 1911 e
508 1869 694 1911 Socratis
720 1870 792 1910 sed
815 1870 918 1923 Cyri
941 1876 1123 1925 persona
1141 1887 1355 1927 *pronun-

135 1954 307 1996 ciatum.
368 1948 433 1989 Ex
459 1946 524 1986 his
556 1946 712 1998 igitur,
746 1956 849 1995 quae
881 1947 1190 2001 exposuimus,
1226 1965 1350 2003 quae-
1412 1982 1538 2014 summa

143 2040 224 2081 que
257 2024 443 2068 omnium
482 2033 694 2062 consensu
730 2020 894 2062 Socrati
931 2021 1178 2067 vindicanda
1219 2038 1348 2080 sunt,
1371 2028 1554 2097 ξζῗῑῐῖῗὲὃθ

139 2112 339 2158 apparet,
372 2109 463 2140 eum
494 2097 715 2138 subtiliora
741 2096 810 2137 illa
830 2108 1068 2150 argumenta
1101 2099 1352 2144 Immortali·
1489 2085 1526 2104 '⁹

137 2179 237 2229 tatis
278 2188 365 2218 non
415 2172 641 2226 attigisse:
690 2172 769 2213 hoc
816 2185 944 2214 unum
989 2186 1038 2216 ex
1082 2175 1353 2230 Anaxagorae

137 2251 364 2303 disciplina
397 2249 607 2291 tenuisse:
663 2248 864 2288 Animam
899 2250 1128 2292 humanam
1170 2265 1250 2294 esse
1287 2255 1354 2299 di,

139 2327 335 2372 vinitatis
369 2325 622 2380 participem
663 2332 702 2363 et
737 2325 860 2378 quasi
902 2334 1040 2368 ortam
1087 2341 1139 2370 ex
1172 2329 1354 2384 Mente,

138 2416 247 2460 quae
271 2409 400 2441 totum
427 2398 622 2440 mundum
647 2399 870 2454 gubernatv
936 2399 999 2444 Et
1034 2416 1286 2460 quamquam
1306 2408 1354 2452 in

137 2485 300 2532 morte,
329 2476 365 2517 si
394 2473 559 2537 quidem
598 2476 654 2518 sit
697 2488 788 2517 cum
822 2477 1009 2521 interitu
1040 2480 1224 2529 Animae
1259 2495 1354 2523 con,

795 2549 838 2598 N
851 2562 878 2593 n
904 2563 930 2611 4
1241 2555 1355 2609 jem-2
