1693 3110
163 323 247 356 sect.
270 324 327 355 tv.

158 368 318 400 Socrates.

350 199 431 252 552
646 190 1255 241 DISPUTATIO

353 320 482 363 xisse.
524 317 633 360 Nam
663 319 887 371 disciplina
916 330 1307 372 morum,quaeso,
1325 317 1460 374 qualis
1474 330 1569 367 tan-

353 398 444 439 dem
469 407 560 436 esse
582 403 753 448 potest,
786 406 891 446 quae
915 406 1001 435 non
1030 403 1146 435 curet
1165 424 1180 445 ,
1212 404 1349 438 utrum
1378 400 1558 442 Animus

347 484 442 513 cum
470 471 663 522 Corpore
688 469 859 511 intereat
886 482 962 511 nec
988 469 1072 512 ne?
1133 472 1294 513 Deinde
1328 484 1428 515 sunt
1451 477 1562 529 apud

345 548 669 602 Xenophontem
706 546 912 601 ejusmodi
951 546 1136 588 Socratis
1163 548 1298 601 dicta,
1332 562 1466 602 quae,
1497 551 1563 593 ni*

345 626 384 668 si
425 625 616 666 disertam
654 622 989 664 Immortalitatis
1025 621 1334 666 affirmationem
1373 625 1566 666 contine.

345 711 444 755 ant,
477 689 611 743 tamen
639 714 688 742 eo
710 702 900 744 valeant:
934 700 1067 742 veluti
1103 701 1152 742 de
1184 700 1453 743 Providentia
1485 701 1564 742 Di-

343 778 473 830 vina,
510 779 560 819 de
584 778 728 819 Animi
754 776 925 818 humani
967 777 1211 819 excellentia
1255 789 1295 818 et
1325 777 1570 820 similitudi-

345 865 398 898 ne
434 866 528 895 cum
577 853 734 895 Divina
777 854 949 894 natura:
996 862 1101 904 quae
1134 851 1330 905 profecto
1365 854 1422 895 ita
1455 854 1567 896 dicta

347 941 479 982 sunt,
512 939 560 971 ut
600 931 722 982 plane
756 928 1005 970 abhorreant
1041 928 1092 969 ab
1127 929 1217 982 ejus
1250 930 1457 982 persona,
1491 927 1567 981 qui

344 1006 407 1048 nil
430 1014 530 1057 post
556 1005 662 1046 hanc
679 1003 808 1046 vitam
833 1016 1055 1056 superesse
1082 1013 1257 1046 statuat.
1292 1004 1420 1046 Porro
1440 1036 1455 1058 ,
1482 1005 1566 1046 Xe·

345 1081 582 1133 nophontis
617 1080 832 1122 silentium
880 1079 1063 1121 fortasse
1102 1082 1370 1132 repetendum
1417 1091 1481 1123 est
1518 1093 1569 1125 ex

347 1158 438 1211 ejus
466 1169 557 1197 cum
585 1156 760 1199 Platone
789 1157 1008 1198 simultate
1045 1167 1083 1198 et
1113 1158 1418 1199 aemulatione:
1453 1160 1565 1211 qua,

348 1244 397 1275 ut
425 1234 579 1275 factum
606 1244 696 1284 est,
731 1242 778 1275 ut
805 1234 905 1275 alias
934 1247 1106 1286 quoque
1138 1235 1322 1276 Socratis
1345 1247 1408 1276 res
1433 1235 1568 1275 diver-

349 1324 396 1355 se
434 1313 665 1362 traderent,
702 1311 759 1351 ita
794 1309 882 1352 fieri
921 1311 1092 1363 potuit,
1139 1321 1186 1352 ut
1220 1312 1457 1362 Xenophon
1488 1310 1568 1351 So-

350 1399 501 1431 cratem
530 1402 620 1429 raro
647 1397 686 1429 et
714 1389 893 1429 obscure
936 1387 985 1428 de
1023 1388 1337 1428 Immortalitate
1361 1388 1566 1428 dicentem

353 1465 534 1517 faeeretg,
572 1464 688 1515 quod
708 1464 827 1504 Plato
851 1463 894 1504 in
922 1462 1140 1503 Phaedone
1168 1463 1347 1515 Dialogo
1383 1463 1461 1503 sub
1488 1463 1566 1503 So-

356 1544 483 1584 cratis
509 1540 687 1593 persona
716 1539 770 1580 ita
793 1539 842 1580 de
882 1538 962 1580 hoc
1002 1548 1247 1591 argumento
1281 1539 1567 1592 disputasset,

353 1628 403 1662 ut
428 1617 612 1659 omnium
640 1627 855 1658 consensu
880 1624 1200 1658 monumentum
1226 1626 1314 1656 aere
1342 1615 1566 1667 perennius

354 1695 543 1748 exegisse
593 1693 868 1748 judicaretur.
942 1691 1137 1744 Denique
1162 1721 1177 1743 ,
1218 1703 1349 1743 quum
1382 1692 1575 1743 multos,

356 1773 467 1824 apud
491 1780 715 1824 posteros,
747 1769 1063 1821 reprehensores
1101 1769 1212 1811 nacti
1249 1769 1336 1811 sint
1361 1778 1401 1810 et
1425 1770 1573 1811 Socra-

353 1856 418 1890 tes
446 1857 485 1888 et
523 1848 671 1899 Plato;
715 1858 839 1887 nemo
868 1855 1034 1897 tamen,
1079 1845 1195 1897 quod
1228 1845 1388 1896 sciam,
1422 1844 1569 1887 inven-

352 1933 424 1967 tus
460 1936 559 1976 est,
592 1924 694 1977 qui,
737 1934 808 1965 aut
847 1923 1060 1965 Socratem
1103 1923 1152 1963 de
1199 1922 1448 1962 Animorum
1491 1921 1576 1961 ln:-

352 2002 605 2045 mortalitate
636 2001 848 2052 tacuisse,
893 2010 965 2041 aut
1003 1999 1218 2040 Platonem
1260 1998 1294 2038 ei
1333 1996 1444 2037 illam
1482 2009 1575 2038 scu·

356 2078 527 2119 tentiam
554 2076 663 2117 falso
687 2075 917 2127 tribuisse,
949 2073 1216 2116 contenderet
1240 2085 1251 2114 ε
1288 2070 1439 2122 Neque
1473 2083 1573 2112 vero

353 2152 506 2204 reliqui
547 2151 784 2203 Socratici,
829 2161 1012 2203 quorum
1049 2147 1204 2199 scripta
1241 2146 1474 2199 perierunt,
1519 2146 1575 2185 le·

353 2240 475 2282 vem,
507 2238 555 2270 ut
577 2228 846 2282 Xenophon,
897 2227 1023 2281 hujus
1055 2223 1287 2266 sententIae
1320 2220 1571 2262 mentionem

353 2304 508 2348 fecisse
531 2305 750 2355 videntur3
785 2302 941 2355 quippe
977 2312 1063 2342 eam
1093 2309 1131 2340 et
1154 2298 1308 2340 Cicero
1345 2308 1383 2338 et
1427 2306 1572 2338 omnes

354 2383 559 2432 Veteres,
591 2381 664 2434 qui
690 2380 999 2423 Socraticorum
1026 2376 1182 2429 scripta
1210 2373 1416 2416 habebant
1452 2383 1491 2413 et
1523 2371 1572 2413 de

355 2457 426 2501 his
460 2457 584 2498 rebus
618 2457 802 2511 Judicare
838 2461 1064 2510 poterant,
1104 2451 1256 2493 diserte
1305 2448 1465 2491 Socrati
1503 2446 1575 2487 tri-

359 2531 573 2587 buerunt,
606 2544 679 2574 nec
720 2533 846 2576 ullam
878 2526 1155 2574 dubitationis
1190 2526 1473 2581 suspicionem
1511 2522 1575 2563 in-

1513 2599 1575 2652 re-
