<?xml version="1.0" encoding="UTF-8"?>
<!DOCTYPE html PUBLIC "-//W3C//DTD XHTML 1.0 Transitional//EN"
    "http://www.w3.org/TR/xhtml1/DTD/xhtml1-transitional.dtd">
<html xmlns="http://www.w3.org/1999/xhtml" xml:lang="en" lang="en">
 <head>
  <title>
</title>
<meta http-equiv="Content-Type" content="text/html;charset=utf-8" />
  <meta name='ocr-system' content='tesseract 3.04.00' />
  <meta name='ocr-capabilities' content='ocr_page ocr_carea ocr_par ocr_line ocrx_word'/>
</head>
<body>
  <div class='ocr_page' id='page_1' title='image "./opusculavariiarg02wytt_0378.png"; bbox 0 0 1693 3110; ppageno 0'>
   <div class='ocr_carea' id='block_1_1' title="bbox 227 161 1161 234">
    <p class='ocr_par' dir='ltr' id='par_1_1' title="bbox 227 161 1161 234">
     <span class='ocr_line' id='line_1_1' title="bbox 227 161 1161 234; baseline -0.002 -25"><span class='ocrx_word' id='word_1_1' title='bbox 227 179 312 234; x_wconf 77' lang='lat'>362</span> <span class='ocrx_word' id='word_1_2' title='bbox 510 161 1161 221; x_wconf 72' lang='lat' dir='ltr'><strong>PARENTALIA.</strong></span> 
     </span>
    </p>
   </div>
   <div class='ocr_carea' id='block_1_2' title="bbox 217 283 1456 2622">
    <p class='ocr_par' dir='ltr' id='par_1_2' title="bbox 217 283 1456 2559">
     <span class='ocr_line' id='line_1_2' title="bbox 227 283 1456 343; baseline 0.001 -11"><span class='ocrx_word' id='word_1_3' title='bbox 227 311 323 342; x_wconf 73' lang='lat' dir='ltr'>nem</span> <span class='ocrx_word' id='word_1_4' title='bbox 362 297 406 335; x_wconf 75' lang='lat' dir='ltr'>in</span> <span class='ocrx_word' id='word_1_5' title='bbox 441 286 696 331; x_wconf 82' lang='lat' dir='ltr'>Britanniam</span> <span class='ocrx_word' id='word_1_6' title='bbox 734 284 875 338; x_wconf 87' lang='lat' dir='ltr'>obiit,</span> <span class='ocrx_word' id='word_1_7' title='bbox 905 283 1174 338; x_wconf 83' lang='lat' dir='ltr'>similemque</span> <span class='ocrx_word' id='word_1_8' title='bbox 1207 286 1302 330; x_wconf 89' lang='lat' dir='ltr'>inde</span> <span class='ocrx_word' id='word_1_9' title='bbox 1321 296 1456 343; x_wconf 73' lang='lat' dir='ltr'>atque·-</span> 
     </span>
     <span class='ocr_line' id='line_1_3' title="bbox 225 363 1448 419; baseline -0.002 -9"><span class='ocrx_word' id='word_1_10' title='bbox 225 376 250 419; x_wconf 66' lang='grc' dir='ltr'><em>ὲ</em></span> <span class='ocrx_word' id='word_1_11' title='bbox 274 368 416 412; x_wconf 77' lang='lat' dir='ltr'>Gallia</span> <span class='ocrx_word' id='word_1_12' title='bbox 441 375 482 407; x_wconf 92' lang='lat' dir='ltr'>et</span> <span class='ocrx_word' id='word_1_13' title='bbox 514 364 677 405; x_wconf 88' lang='lat' dir='ltr'>laudem</span> <span class='ocrx_word' id='word_1_14' title='bbox 709 363 879 416; x_wconf 86' lang='lat' dir='ltr'>retulit,</span> <span class='ocrx_word' id='word_1_15' title='bbox 910 372 949 404; x_wconf 90' lang='lat' dir='ltr'>et</span> <span class='ocrx_word' id='word_1_16' title='bbox 970 363 1233 417; x_wconf 84' lang='lat' dir='ltr'>cognitionis</span> <span class='ocrx_word' id='word_1_17' title='bbox 1260 364 1448 412; x_wconf 87' lang='lat' dir='ltr'>fructum</span> 
     </span>
     <span class='ocr_line' id='line_1_4' title="bbox 225 441 1447 504; baseline -0.004 -14"><span class='ocrx_word' id='word_1_18' title='bbox 225 445 431 504; x_wconf 86' lang='lat' dir='ltr'><strong>percepit.</strong></span> <span class='ocrx_word' id='word_1_19' title='bbox 494 443 682 485; x_wconf 88' lang='lat' dir='ltr'>Domum</span> <span class='ocrx_word' id='word_1_20' title='bbox 708 441 868 493; x_wconf 83' lang='lat' dir='ltr'><strong>redux,</strong></span> <span class='ocrx_word' id='word_1_21' title='bbox 900 441 1117 495; x_wconf 79' lang='lat' dir='ltr'>interjecto</span> <span class='ocrx_word' id='word_1_22' title='bbox 1140 442 1320 493; x_wconf 86' lang='lat' dir='ltr'>quodam</span> <span class='ocrx_word' id='word_1_23' title='bbox 1343 452 1447 486; x_wconf 88' lang='lat' dir='ltr'>tem-</span> 
     </span>
     <span class='ocr_line' id='line_1_5' title="bbox 224 514 1449 580; baseline -0.006 -14"><span class='ocrx_word' id='word_1_24' title='bbox 224 535 357 580; x_wconf 84' lang='lat' dir='ltr'>pore,</span> <span class='ocrx_word' id='word_1_25' title='bbox 390 532 560 562; x_wconf 85' lang='lat' dir='ltr'>munere</span> <span class='ocrx_word' id='word_1_26' title='bbox 591 517 805 560; x_wconf 75' lang='lat' dir='ltr'><em>Advocati</em></span> <span class='ocrx_word' id='word_1_27' title='bbox 839 517 1064 568; x_wconf 69' lang='lat' dir='ltr'>Societatis</span> <span class='ocrx_word' id='word_1_28' title='bbox 1095 514 1270 565; x_wconf 73' lang='lat' dir='ltr'>Indicae</span> <span class='ocrx_word' id='word_1_29' title='bbox 1296 530 1341 559; x_wconf 88' lang='lat' dir='ltr'>se</span> <span class='ocrx_word' id='word_1_30' title='bbox 1373 517 1449 560; x_wconf 63' lang='lat' dir='ltr'>aba.</span> 
     </span>
     <span class='ocr_line' id='line_1_6' title="bbox 224 592 1446 651; baseline -0.006 -7"><span class='ocrx_word' id='word_1_31' title='bbox 224 599 411 651; x_wconf 86' lang='lat' dir='ltr'>dicavit,</span> <span class='ocrx_word' id='word_1_32' title='bbox 442 597 556 639; x_wconf 86' lang='lat' dir='ltr'>aliud</span> <span class='ocrx_word' id='word_1_33' title='bbox 584 593 841 649; x_wconf 78' lang='lat' dir='ltr'>capessivit,</span> <span class='ocrx_word' id='word_1_34' title='bbox 880 595 1011 647; x_wconf 87' lang='lat' dir='ltr'>magis</span> <span class='ocrx_word' id='word_1_35' title='bbox 1047 592 1154 635; x_wconf 88' lang='lat' dir='ltr'>illud</span> <span class='ocrx_word' id='word_1_36' title='bbox 1189 605 1286 635; x_wconf 88' lang='lat' dir='ltr'>cum</span> <span class='ocrx_word' id='word_1_37' title='bbox 1323 605 1446 647; x_wconf 78' lang='lat' dir='ltr'>pote-¹</span> 
     </span>
     <span class='ocr_line' id='line_1_7' title="bbox 226 669 1451 727; baseline -0.007 -6"><span class='ocrx_word' id='word_1_38' title='bbox 226 686 336 721; x_wconf 80' lang='lat' dir='ltr'>state</span> <span class='ocrx_word' id='word_1_39' title='bbox 377 684 417 717; x_wconf 92' lang='lat' dir='ltr'>et</span> <span class='ocrx_word' id='word_1_40' title='bbox 459 673 655 716; x_wconf 86' lang='lat' dir='ltr'>interiore</span> <span class='ocrx_word' id='word_1_41' title='bbox 707 671 813 724; x_wconf 91' lang='lat' dir='ltr'>reip.</span> <span class='ocrx_word' id='word_1_42' title='bbox 854 669 1220 713; x_wconf 79' lang='lat' dir='ltr'>administratione</span> <span class='ocrx_word' id='word_1_43' title='bbox 1265 672 1451 727; x_wconf 82' lang='lat' dir='ltr'>conjun-</span> 
     </span>
     <span class='ocr_line' id='line_1_8' title="bbox 225 743 1453 796; baseline -0.009 0"><span class='ocrx_word' id='word_1_44' title='bbox 225 764 373 796; x_wconf 84' lang='lat' dir='ltr'>ctum:</span> <span class='ocrx_word' id='word_1_45' title='bbox 420 749 563 793; x_wconf 85' lang='lat' dir='ltr'>factus</span> <span class='ocrx_word' id='word_1_46' title='bbox 604 757 670 791; x_wconf 89' lang='lat' dir='ltr'>est</span> <span class='ocrx_word' id='word_1_47' title='bbox 710 747 1014 790; x_wconf 77' lang='lat' dir='ltr'>Pensionart&#39;us</span> <span class='ocrx_word' id='word_1_48' title='bbox 1050 746 1233 788; x_wconf 87' lang='lat' dir='ltr'>civitatis</span> <span class='ocrx_word' id='word_1_49' title='bbox 1268 743 1453 789; x_wconf 67' lang='lat' dir='ltr'>Leiden-</span> 
     </span>
     <span class='ocr_line' id='line_1_9' title="bbox 229 821 1451 872; baseline -0.005 -1"><span class='ocrx_word' id='word_1_50' title='bbox 229 830 322 872; x_wconf 80' lang='lat' dir='ltr'>sis:</span> <span class='ocrx_word' id='word_1_51' title='bbox 368 828 429 869; x_wconf 91' lang='lat' dir='ltr'>sic</span> <span class='ocrx_word' id='word_1_52' title='bbox 472 835 609 867; x_wconf 89' lang='lat' dir='ltr'>autem</span> <span class='ocrx_word' id='word_1_53' title='bbox 649 821 911 864; x_wconf 86' lang='lat' dir='ltr'>vocabantur</span> <span class='ocrx_word' id='word_1_54' title='bbox 941 831 1042 863; x_wconf 89' lang='lat' dir='ltr'>tunc</span> <span class='ocrx_word' id='word_1_55' title='bbox 1078 821 1300 865; x_wconf 87' lang='lat' dir='ltr'>civitatum</span> <span class='ocrx_word' id='word_1_56' title='bbox 1338 822 1451 865; x_wconf 88' lang='lat' dir='ltr'>Hol-</span> 
     </span>
     <span class='ocr_line' id='line_1_10' title="bbox 227 897 1450 955; baseline -0.007 -7"><span class='ocrx_word' id='word_1_57' title='bbox 227 905 392 948; x_wconf 81' lang='lat' dir='ltr'>landiae</span> <span class='ocrx_word' id='word_1_58' title='bbox 430 902 723 955; x_wconf 84' lang='lat' dir='ltr'>singularum,</span> <span class='ocrx_word' id='word_1_59' title='bbox 751 899 823 955; x_wconf 86' lang='lat' dir='ltr'>jus</span> <span class='ocrx_word' id='word_1_60' title='bbox 854 897 1042 953; x_wconf 81' lang='lat' dir='ltr'>suffragii</span> <span class='ocrx_word' id='word_1_61' title='bbox 1078 899 1350 950; x_wconf 83' lang='lat' dir='ltr'>habentium,</span> <span class='ocrx_word' id='word_1_62' title='bbox 1389 899 1450 940; x_wconf 86' lang='lat' dir='ltr'>le·</span> 
     </span>
     <span class='ocr_line' id='line_1_11' title="bbox 226 974 1443 1038; baseline -0.007 -14"><span class='ocrx_word' id='word_1_63' title='bbox 226 983 313 1038; x_wconf 78' lang='lat' dir='ltr'>gari</span> <span class='ocrx_word' id='word_1_64' title='bbox 348 977 547 1022; x_wconf 88' lang='lat' dir='ltr'>ordinarii</span> <span class='ocrx_word' id='word_1_65' title='bbox 593 977 645 1018; x_wconf 91' lang='lat' dir='ltr'>ad</span> <span class='ocrx_word' id='word_1_66' title='bbox 678 985 867 1018; x_wconf 88' lang='lat' dir='ltr'>senatum</span> <span class='ocrx_word' id='word_1_67' title='bbox 902 975 1111 1017; x_wconf 88' lang='lat' dir='ltr'>Ordinum</span> <span class='ocrx_word' id='word_1_68' title='bbox 1154 974 1402 1028; x_wconf 81' lang='lat' dir='ltr'>Hollandiae</span> <span class='ocrx_word' id='word_1_69' title='bbox 1424 1005 1443 1028; x_wconf 92' lang='lat'>‚</span> 
     </span>
     <span class='ocr_line' id='line_1_12' title="bbox 222 1049 1446 1114; baseline -0.007 -14"><span class='ocrx_word' id='word_1_70' title='bbox 222 1070 354 1114; x_wconf 81' lang='lat' dir='ltr'>penes</span> <span class='ocrx_word' id='word_1_71' title='bbox 389 1066 512 1108; x_wconf 87' lang='lat' dir='ltr'>quem</span> <span class='ocrx_word' id='word_1_72' title='bbox 557 1063 719 1094; x_wconf 86' lang='lat' dir='ltr'>summa</span> <span class='ocrx_word' id='word_1_73' title='bbox 762 1059 954 1104; x_wconf 85' lang='lat' dir='ltr'>potestas</span> <span class='ocrx_word' id='word_1_74' title='bbox 991 1049 1146 1103; x_wconf 90' lang='lat' dir='ltr'>Populi</span> <span class='ocrx_word' id='word_1_75' title='bbox 1193 1049 1446 1099; x_wconf 70' lang='lat' dir='ltr'>hollandiae</span> 
     </span>
     <span class='ocr_line' id='line_1_13' title="bbox 225 1126 1447 1180; baseline -0.006 -4"><span class='ocrx_word' id='word_1_76' title='bbox 225 1143 342 1176; x_wconf 84' lang='lat' dir='ltr'>erat:</span> <span class='ocrx_word' id='word_1_77' title='bbox 374 1131 456 1172; x_wconf 86' lang='lat' dir='ltr'>hoc</span> <span class='ocrx_word' id='word_1_78' title='bbox 479 1140 618 1170; x_wconf 81' lang='lat' dir='ltr'>autern</span> <span class='ocrx_word' id='word_1_79' title='bbox 645 1140 800 1170; x_wconf 84' lang='lat' dir='ltr'>munus</span> <span class='ocrx_word' id='word_1_80' title='bbox 829 1127 959 1180; x_wconf 83' lang='lat' dir='ltr'>priori</span> <span class='ocrx_word' id='word_1_81' title='bbox 990 1126 1292 1179; x_wconf 85' lang='lat' dir='ltr'>praeoptabat,</span> <span class='ocrx_word' id='word_1_82' title='bbox 1325 1126 1447 1179; x_wconf 88' lang='lat' dir='ltr'>quod</span> 
     </span>
     <span class='ocr_line' id='line_1_14' title="bbox 224 1204 1439 1259; baseline -0.007 -8"><span class='ocrx_word' id='word_1_83' title='bbox 224 1208 367 1251; x_wconf 82' lang='lat' dir='ltr'>minus</span> <span class='ocrx_word' id='word_1_84' title='bbox 405 1216 662 1259; x_wconf 86' lang='lat' dir='ltr'>occupatum</span> <span class='ocrx_word' id='word_1_85' title='bbox 699 1205 882 1258; x_wconf 81' lang='lat' dir='ltr'>negotiis</span> <span class='ocrx_word' id='word_1_86' title='bbox 913 1215 1057 1256; x_wconf 85' lang='lat' dir='ltr'>esset,</span> <span class='ocrx_word' id='word_1_87' title='bbox 1098 1211 1140 1245; x_wconf 90' lang='lat' dir='ltr'>et</span> <span class='ocrx_word' id='word_1_88' title='bbox 1180 1204 1323 1255; x_wconf 90' lang='lat' dir='ltr'>plures</span> <span class='ocrx_word' id='word_1_89' title='bbox 1359 1213 1439 1253; x_wconf 89' lang='lat' dir='ltr'>op-</span> 
     </span>
     <span class='ocr_line' id='line_1_15' title="bbox 224 1276 1446 1338; baseline -0.007 -13"><span class='ocrx_word' id='word_1_90' title='bbox 224 1283 509 1338; x_wconf 86' lang='lat' dir='ltr'>portunitates</span> <span class='ocrx_word' id='word_1_91' title='bbox 563 1279 729 1321; x_wconf 76' lang='lat' dir='ltr'>offerret</span> <span class='ocrx_word' id='word_1_92' title='bbox 764 1280 1010 1320; x_wconf 87' lang='lat' dir='ltr'>tuendarum</span> <span class='ocrx_word' id='word_1_93' title='bbox 1047 1280 1231 1331; x_wconf 72' lang='lat' dir='ltr'>partium</span> <span class='ocrx_word' id='word_1_94' title='bbox 1282 1276 1446 1318; x_wconf 88' lang='lat' dir='ltr'>Nassa-</span> 
     </span>
     <span class='ocr_line' id='line_1_16' title="bbox 219 1353 1448 1414; baseline -0.007 -11"><span class='ocrx_word' id='word_1_95' title='bbox 219 1361 409 1403; x_wconf 80' lang='lat' dir='ltr'>vicarum</span> <span class='ocrx_word' id='word_1_96' title='bbox 426 1390 440 1412; x_wconf 81' lang='lat'>,</span> <span class='ocrx_word' id='word_1_97' title='bbox 468 1369 573 1410; x_wconf 89' lang='lat' dir='ltr'>quas</span> <span class='ocrx_word' id='word_1_98' title='bbox 599 1356 689 1408; x_wconf 88' lang='lat' dir='ltr'>ipse</span> <span class='ocrx_word' id='word_1_99' title='bbox 716 1355 1006 1414; x_wconf 82' lang='lat' dir='ltr'>sequebatur,</span> <span class='ocrx_word' id='word_1_100' title='bbox 1032 1367 1119 1397; x_wconf 92' lang='lat' dir='ltr'>non</span> <span class='ocrx_word' id='word_1_101' title='bbox 1143 1365 1243 1396; x_wconf 88' lang='lat' dir='ltr'>suae</span> <span class='ocrx_word' id='word_1_102' title='bbox 1268 1353 1342 1395; x_wconf 88' lang='lat' dir='ltr'>sed</span> <span class='ocrx_word' id='word_1_103' title='bbox 1366 1364 1448 1406; x_wconf 62' lang='lat' dir='ltr'>pue</span> 
     </span>
     <span class='ocr_line' id='line_1_17' title="bbox 219 1428 1436 1482; baseline -0.004 -5"><span class='ocrx_word' id='word_1_104' title='bbox 219 1434 355 1477; x_wconf 89' lang='lat' dir='ltr'>blicae</span> <span class='ocrx_word' id='word_1_105' title='bbox 391 1432 589 1474; x_wconf 83' lang='lat' dir='ltr'>utilitatis</span> <span class='ocrx_word' id='word_1_106' title='bbox 635 1442 784 1472; x_wconf 86' lang='lat' dir='ltr'>caussa</span> <span class='ocrx_word' id='word_1_107' title='bbox 827 1430 888 1473; x_wconf 89' lang='lat' dir='ltr'>sic</span> <span class='ocrx_word' id='word_1_108' title='bbox 935 1429 1174 1472; x_wconf 87' lang='lat' dir='ltr'>faciendum</span> <span class='ocrx_word' id='word_1_109' title='bbox 1222 1428 1436 1482; x_wconf 87' lang='lat' dir='ltr'>judicans.</span> 
     </span>
     <span class='ocr_line' id='line_1_18' title="bbox 217 1506 1451 1567; baseline -0.004 -15"><span class='ocrx_word' id='word_1_110' title='bbox 217 1512 309 1567; x_wconf 86' lang='lat' dir='ltr'>Jam</span> <span class='ocrx_word' id='word_1_111' title='bbox 335 1510 444 1551; x_wconf 88' lang='lat' dir='ltr'>enim</span> <span class='ocrx_word' id='word_1_112' title='bbox 467 1517 568 1548; x_wconf 88' lang='lat' dir='ltr'>tunc</span> <span class='ocrx_word' id='word_1_113' title='bbox 600 1507 642 1548; x_wconf 88' lang='lat' dir='ltr'>in</span> <span class='ocrx_word' id='word_1_114' title='bbox 675 1507 818 1548; x_wconf 82' lang='lat' dir='ltr'>Gallia</span> <span class='ocrx_word' id='word_1_115' title='bbox 849 1506 1065 1549; x_wconf 82' lang='lat' dir='ltr'>fervebant</span> <span class='ocrx_word' id='word_1_116' title='bbox 1098 1506 1202 1547; x_wconf 87' lang='lat' dir='ltr'>istae</span> <span class='ocrx_word' id='word_1_117' title='bbox 1227 1506 1323 1546; x_wconf 88' lang='lat' dir='ltr'>lites</span> <span class='ocrx_word' id='word_1_118' title='bbox 1342 1506 1451 1547; x_wconf 85' lang='lat' dir='ltr'>inter</span> 
     </span>
     <span class='ocr_line' id='line_1_19' title="bbox 219 1581 1447 1637; baseline -0.005 -7"><span class='ocrx_word' id='word_1_119' title='bbox 219 1586 430 1631; x_wconf 84' lang='lat' dir='ltr'>factiones</span> <span class='ocrx_word' id='word_1_120' title='bbox 458 1583 631 1637; x_wconf 81' lang='lat' dir='ltr'>Regiam</span> <span class='ocrx_word' id='word_1_121' title='bbox 674 1591 715 1623; x_wconf 92' lang='lat' dir='ltr'>et</span> <span class='ocrx_word' id='word_1_122' title='bbox 747 1581 1025 1634; x_wconf 82' lang='lat' dir='ltr'>Popularem,</span> <span class='ocrx_word' id='word_1_123' title='bbox 1058 1593 1157 1623; x_wconf 86' lang='lat' dir='ltr'>mox</span> <span class='ocrx_word' id='word_1_124' title='bbox 1185 1582 1228 1623; x_wconf 91' lang='lat' dir='ltr'>in</span> <span class='ocrx_word' id='word_1_125' title='bbox 1261 1590 1447 1634; x_wconf 85' lang='lat' dir='ltr'>apertam</span> 
     </span>
     <span class='ocr_line' id='line_1_20' title="bbox 219 1657 1450 1713; baseline -0.004 -8"><span class='ocrx_word' id='word_1_126' title='bbox 219 1663 306 1706; x_wconf 85' lang='lat' dir='ltr'>vim</span> <span class='ocrx_word' id='word_1_127' title='bbox 337 1668 604 1713; x_wconf 86' lang='lat' dir='ltr'>erumpentes</span> <span class='ocrx_word' id='word_1_128' title='bbox 629 1657 839 1713; x_wconf 82' lang='lat'>(1789),</span> <span class='ocrx_word' id='word_1_129' title='bbox 872 1667 912 1700; x_wconf 90' lang='lat' dir='ltr'>et</span> <span class='ocrx_word' id='word_1_130' title='bbox 942 1658 1118 1701; x_wconf 78' lang='lat' dir='ltr'>victrIce</span> <span class='ocrx_word' id='word_1_131' title='bbox 1141 1658 1372 1712; x_wconf 81' lang='lat' dir='ltr'>Populati,</span> <span class='ocrx_word' id='word_1_132' title='bbox 1400 1657 1450 1700; x_wconf 76' lang='lat' dir='ltr'>in</span> 
     </span>
     <span class='ocr_line' id='line_1_21' title="bbox 223 1733 1443 1790; baseline -0.007 -6"><span class='ocrx_word' id='word_1_133' title='bbox 223 1751 387 1784; x_wconf 86' lang='lat' dir='ltr'>omnem</span> <span class='ocrx_word' id='word_1_134' title='bbox 419 1736 680 1779; x_wconf 86' lang='lat' dir='ltr'>atrocitatem</span> <span class='ocrx_word' id='word_1_135' title='bbox 714 1746 983 1788; x_wconf 86' lang='lat' dir='ltr'>proruentes.</span> <span class='ocrx_word' id='word_1_136' title='bbox 1043 1735 1113 1777; x_wconf 82' lang='lat' dir='ltr'>Ad</span> <span class='ocrx_word' id='word_1_137' title='bbox 1138 1734 1266 1790; x_wconf 83' lang='lat' dir='ltr'>hujus</span> <span class='ocrx_word' id='word_1_138' title='bbox 1291 1733 1443 1776; x_wconf 63' lang='lat' dir='ltr'>facti0÷</span> 
     </span>
     <span class='ocr_line' id='line_1_22' title="bbox 220 1810 1443 1868; baseline -0.006 -9"><span class='ocrx_word' id='word_1_139' title='bbox 220 1817 290 1860; x_wconf 88' lang='lat' dir='ltr'>nis</span> <span class='ocrx_word' id='word_1_140' title='bbox 329 1824 582 1868; x_wconf 85' lang='lat' dir='ltr'>progressus</span> <span class='ocrx_word' id='word_1_141' title='bbox 621 1810 864 1864; x_wconf 81' lang='lat' dir='ltr'>frequentes</span> <span class='ocrx_word' id='word_1_142' title='bbox 902 1822 1000 1852; x_wconf 87' lang='lat' dir='ltr'>sane</span> <span class='ocrx_word' id='word_1_143' title='bbox 1036 1819 1077 1859; x_wconf 86' lang='lat' dir='ltr'>et</span> <span class='ocrx_word' id='word_1_144' title='bbox 1113 1822 1318 1863; x_wconf 62' lang='lat' dir='ltr'>magum,</span> <span class='ocrx_word' id='word_1_145' title='bbox 1363 1821 1443 1852; x_wconf 88' lang='lat' dir='ltr'>no-</span> 
     </span>
     <span class='ocr_line' id='line_1_23' title="bbox 221 1886 1446 1938; baseline -0.007 -4"><span class='ocrx_word' id='word_1_146' title='bbox 221 1902 407 1935; x_wconf 84' lang='lat' dir='ltr'>strorum</span> <span class='ocrx_word' id='word_1_147' title='bbox 453 1890 675 1931; x_wconf 84' lang='lat' dir='ltr'>hominum</span> <span class='ocrx_word' id='word_1_148' title='bbox 719 1887 1143 1938; x_wconf 83' lang='lat' dir='ltr'>Antinassavicorum</span> <span class='ocrx_word' id='word_1_149' title='bbox 1190 1886 1318 1929; x_wconf 86' lang='lat' dir='ltr'>animi</span> <span class='ocrx_word' id='word_1_150' title='bbox 1366 1886 1446 1929; x_wconf 72' lang='lat' dir='ltr'>eri-</span> 
     </span>
     <span class='ocr_line' id='line_1_24' title="bbox 221 1963 1443 2025; baseline -0.002 -20"><span class='ocrx_word' id='word_1_151' title='bbox 221 1968 457 2025; x_wconf 71' lang='lat' dir='ltr'>gebantur,</span> <span class='ocrx_word' id='word_1_152' title='bbox 488 1966 580 2017; x_wconf 89' lang='lat' dir='ltr'>ejus</span> <span class='ocrx_word' id='word_1_153' title='bbox 609 1965 813 2005; x_wconf 83' lang='lat' dir='ltr'>exercitus</span> <span class='ocrx_word' id='word_1_154' title='bbox 842 1973 889 2005; x_wconf 89' lang='lat' dir='ltr'>ut</span> <span class='ocrx_word' id='word_1_155' title='bbox 914 1964 1082 2006; x_wconf 84' lang='lat' dir='ltr'>datores</span> <span class='ocrx_word' id='word_1_156' title='bbox 1109 1963 1316 2005; x_wconf 88' lang='lat' dir='ltr'>libertatis</span> <span class='ocrx_word' id='word_1_157' title='bbox 1335 1992 1349 2013; x_wconf 91' lang='lat'>,</span> <span class='ocrx_word' id='word_1_158' title='bbox 1376 1974 1443 2004; x_wconf 90' lang='lat' dir='ltr'>ae-.</span> 
     </span>
     <span class='ocr_line' id='line_1_25' title="bbox 223 2040 1444 2096; baseline -0.006 -11"><span class='ocrx_word' id='word_1_159' title='bbox 223 2044 468 2096; x_wconf 84' lang='lat' dir='ltr'>qualitatis,</span> <span class='ocrx_word' id='word_1_160' title='bbox 505 2051 544 2082; x_wconf 88' lang='lat' dir='ltr'>et</span> <span class='ocrx_word' id='word_1_161' title='bbox 566 2040 867 2092; x_wconf 84' lang='lat' dir='ltr'>fraternitatis,</span> <span class='ocrx_word' id='word_1_162' title='bbox 902 2052 1006 2092; x_wconf 83' lang='lat' dir='ltr'>quas</span> <span class='ocrx_word' id='word_1_163' title='bbox 1035 2052 1079 2081; x_wconf 90' lang='lat' dir='ltr'>se</span> <span class='ocrx_word' id='word_1_164' title='bbox 1102 2040 1305 2080; x_wconf 83' lang='lat' dir='ltr'>allaturos</span> <span class='ocrx_word' id='word_1_165' title='bbox 1343 2050 1444 2089; x_wconf 91' lang='lat' dir='ltr'>pro·</span> 
     </span>
     <span class='ocr_line' id='line_1_26' title="bbox 220 2113 1439 2170; baseline -0.008 -7"><span class='ocrx_word' id='word_1_166' title='bbox 220 2120 480 2169; x_wconf 85' lang='lat' dir='ltr'>fitebantur,</span> <span class='ocrx_word' id='word_1_167' title='bbox 526 2116 847 2170; x_wconf 83' lang='lat' dir='ltr'>exspectabant.</span> <span class='ocrx_word' id='word_1_168' title='bbox 909 2115 1155 2157; x_wconf 84' lang='lat' dir='ltr'>Incredibile</span> <span class='ocrx_word' id='word_1_169' title='bbox 1193 2113 1311 2161; x_wconf 81' lang='lat' dir='ltr'>dictu</span> <span class='ocrx_word' id='word_1_170' title='bbox 1345 2121 1439 2165; x_wconf 88' lang='lat' dir='ltr'>est,</span> 
     </span>
     <span class='ocr_line' id='line_1_27' title="bbox 222 2189 1436 2250; baseline -0.007 -12"><span class='ocrx_word' id='word_1_171' title='bbox 222 2208 347 2250; x_wconf 82' lang='lat' dir='ltr'>quam</span> <span class='ocrx_word' id='word_1_172' title='bbox 383 2194 465 2235; x_wconf 83' lang='lat' dir='ltr'>late</span> <span class='ocrx_word' id='word_1_173' title='bbox 499 2192 568 2234; x_wconf 86' lang='lat' dir='ltr'>hic</span> <span class='ocrx_word' id='word_1_174' title='bbox 604 2204 720 2234; x_wconf 87' lang='lat' dir='ltr'>error</span> <span class='ocrx_word' id='word_1_175' title='bbox 752 2202 915 2244; x_wconf 82' lang='lat' dir='ltr'>serpere</span> <span class='ocrx_word' id='word_1_176' title='bbox 960 2189 1176 2242; x_wconf 88' lang='lat' dir='ltr'>coeperit,</span> <span class='ocrx_word' id='word_1_177' title='bbox 1222 2199 1436 2240; x_wconf 85' lang='lat' dir='ltr'>quamque</span> 
     </span>
     <span class='ocr_line' id='line_1_28' title="bbox 222 2267 1446 2322; baseline -0.007 -9"><span class='ocrx_word' id='word_1_178' title='bbox 222 2275 383 2321; x_wconf 82' lang='lat' dir='ltr'>multos</span> <span class='ocrx_word' id='word_1_179' title='bbox 417 2269 721 2322; x_wconf 83' lang='lat' dir='ltr'>infatuaverit,</span> <span class='ocrx_word' id='word_1_180' title='bbox 755 2269 942 2311; x_wconf 85' lang='lat' dir='ltr'>seniores</span> <span class='ocrx_word' id='word_1_181' title='bbox 976 2267 1128 2317; x_wconf 79' lang='lat' dir='ltr'>etiam,</span> <span class='ocrx_word' id='word_1_182' title='bbox 1160 2275 1322 2306; x_wconf 76' lang='lat' dir='ltr'>veteres</span> <span class='ocrx_word' id='word_1_183' title='bbox 1357 2271 1446 2301; x_wconf 82' lang='lat' dir='ltr'>ma-</span> 
     </span>
     <span class='ocr_line' id='line_1_29' title="bbox 224 2341 1443 2403; baseline -0.012 -13"><span class='ocrx_word' id='word_1_184' title='bbox 224 2349 458 2403; x_wconf 50' lang='lat' dir='ltr'>guttatus,</span> <span class='ocrx_word' id='word_1_185' title='bbox 501 2346 640 2399; x_wconf 85' lang='lat' dir='ltr'>priore</span> <span class='ocrx_word' id='word_1_186' title='bbox 677 2346 782 2397; x_wconf 82' lang='lat' dir='ltr'>reip.</span> <span class='ocrx_word' id='word_1_187' title='bbox 822 2343 1099 2386; x_wconf 85' lang='lat' dir='ltr'>conversione</span> <span class='ocrx_word' id='word_1_188' title='bbox 1135 2341 1232 2378; x_wconf 85' lang='lat' dir='ltr'>loco</span> <span class='ocrx_word' id='word_1_189' title='bbox 1272 2346 1443 2391; x_wconf 79' lang='lat' dir='ltr'>motos,</span> 
     </span>
     <span class='ocr_line' id='line_1_30' title="bbox 223 2413 1444 2474; baseline -0.011 -6"><span class='ocrx_word' id='word_1_190' title='bbox 223 2427 330 2469; x_wconf 87' lang='lat' dir='ltr'>alios</span> <span class='ocrx_word' id='word_1_191' title='bbox 358 2423 416 2465; x_wconf 86' lang='lat' dir='ltr'>nil</span> <span class='ocrx_word' id='word_1_192' title='bbox 443 2434 621 2474; x_wconf 58' lang='lat' dir='ltr'>passos,</span> <span class='ocrx_word' id='word_1_193' title='bbox 655 2432 742 2462; x_wconf 85' lang='lat' dir='ltr'>tum</span> <span class='ocrx_word' id='word_1_194' title='bbox 774 2433 871 2463; x_wconf 87' lang='lat' dir='ltr'>vero</span> <span class='ocrx_word' id='word_1_195' title='bbox 893 2416 1114 2471; x_wconf 73' lang='lat' dir='ltr'>juniores,</span> <span class='ocrx_word' id='word_1_196' title='bbox 1148 2414 1218 2465; x_wconf 87' lang='lat' dir='ltr'>qui</span> <span class='ocrx_word' id='word_1_197' title='bbox 1253 2413 1336 2455; x_wconf 77' lang='lat' dir='ltr'>sibi</span> <span class='ocrx_word' id='word_1_198' title='bbox 1371 2426 1444 2455; x_wconf 87' lang='lat' dir='ltr'>ne-</span> 
     </span>
     <span class='ocr_line' id='line_1_31' title="bbox 227 2493 1450 2559; baseline -0.016 -9"><span class='ocrx_word' id='word_1_199' title='bbox 227 2507 320 2550; x_wconf 79' lang='lat' dir='ltr'>scio</span> <span class='ocrx_word' id='word_1_200' title='bbox 346 2515 470 2559; x_wconf 83' lang='lat' dir='ltr'>quarn</span> <span class='ocrx_word' id='word_1_201' title='bbox 490 2515 587 2544; x_wconf 85' lang='lat' dir='ltr'>cum</span> <span class='ocrx_word' id='word_1_202' title='bbox 618 2503 808 2547; x_wconf 80' lang='lat' dir='ltr'>libertate</span> <span class='ocrx_word' id='word_1_203' title='bbox 830 2494 1171 2541; x_wconf 73' lang='lat' dir='ltr'>communiuntur</span> <span class='ocrx_word' id='word_1_204' title='bbox 1201 2493 1450 2539; x_wconf 80' lang='lat' dir='ltr'>intercedere</span> 
     </span>
    </p>

    <p class='ocr_par' dir='ltr' id='par_1_3' title="bbox 1371 2578 1450 2622">
     <span class='ocr_line' id='line_1_32' title="bbox 1371 2578 1450 2622; baseline -0.051 -19"><span class='ocrx_word' id='word_1_205' title='bbox 1371 2578 1450 2622; x_wconf 61' lang='lat' dir='ltr'>pu-</span> 
     </span>
    </p>
   </div>
  </div>
 </body>
</html>
