<?xml version="1.0" encoding="UTF-8"?>
<!DOCTYPE html PUBLIC "-//W3C//DTD XHTML 1.0 Transitional//EN"
    "http://www.w3.org/TR/xhtml1/DTD/xhtml1-transitional.dtd">
<html xmlns="http://www.w3.org/1999/xhtml" xml:lang="en" lang="en">
 <head>
  <title>
</title>
<meta http-equiv="Content-Type" content="text/html;charset=utf-8" />
  <meta name='ocr-system' content='tesseract 3.04.00' />
  <meta name='ocr-capabilities' content='ocr_page ocr_carea ocr_par ocr_line ocrx_word'/>
</head>
<body>
  <div class='ocr_page' id='page_1' title='image "./opusculavariiarg02wytt/opusculavariiarg02wytt_0089.png"; bbox 0 0 1693 3110; ppageno 0'>
   <div class='ocr_carea' id='block_1_1' title="bbox 432 152 1398 219">
    <p class='ocr_par' dir='ltr' id='par_1_1' title="bbox 432 152 1398 219">
     <span class='ocr_line' id='line_1_1' title="bbox 432 152 1398 219; baseline 0.004 -21"><span class='ocrx_word' id='word_1_1' title='bbox 432 152 540 198; x_wconf 79' lang='lat' dir='ltr'>AD</span> <span class='ocrx_word' id='word_1_2' title='bbox 616 152 1133 201; x_wconf 79' lang='lat' dir='ltr'>BoscHIUM.</span> <span class='ocrx_word' id='word_1_3' title='bbox 1342 174 1398 219; x_wconf 73' lang='lat'>73</span> 
     </span>
    </p>
   </div>
   <div class='ocr_carea' id='block_1_2' title="bbox 145 272 1406 1323">
    <p class='ocr_par' dir='ltr' id='par_1_2' title="bbox 145 272 1406 1323">
     <span class='ocr_line' id='line_1_2' title="bbox 185 272 1397 332; baseline 0 -13"><span class='ocrx_word' id='word_1_4' title='bbox 185 277 261 321; x_wconf 78' lang='lat' dir='ltr'>bat</span> <span class='ocrx_word' id='word_1_5' title='bbox 283 274 516 330; x_wconf 84' lang='lat' dir='ltr'>argumenti</span> <span class='ocrx_word' id='word_1_6' title='bbox 531 305 545 326; x_wconf 79' lang='grc'>,</span> <span class='ocrx_word' id='word_1_7' title='bbox 572 272 689 327; x_wconf 87' lang='lat' dir='ltr'>quod</span> <span class='ocrx_word' id='word_1_8' title='bbox 713 281 776 313; x_wconf 90' lang='lat' dir='ltr'>est</span> <span class='ocrx_word' id='word_1_9' title='bbox 796 274 845 314; x_wconf 89' lang='lat' dir='ltr'>de</span> <span class='ocrx_word' id='word_1_10' title='bbox 870 273 1054 316; x_wconf 82' lang='lat' dir='ltr'>amicitia</span> <span class='ocrx_word' id='word_1_11' title='bbox 1075 288 1222 321; x_wconf 81' lang='lat' dir='ltr'>nostra</span> <span class='ocrx_word' id='word_1_12' title='bbox 1237 310 1251 332; x_wconf 85' lang='lat'><strong>‚</strong></span> <span class='ocrx_word' id='word_1_13' title='bbox 1277 281 1397 324; x_wconf 76' lang='lat' dir='ltr'>uber.</span> 
     </span>
     <span class='ocr_line' id='line_1_3' title="bbox 185 351 1399 412; baseline 0.002 -13"><span class='ocrx_word' id='word_1_14' title='bbox 185 368 248 399; x_wconf 88' lang='lat' dir='ltr'>tas</span> <span class='ocrx_word' id='word_1_15' title='bbox 267 369 306 398; x_wconf 89' lang='lat' dir='ltr'>et</span> <span class='ocrx_word' id='word_1_16' title='bbox 330 355 542 406; x_wconf 84' lang='lat' dir='ltr'>suavitas,</span> <span class='ocrx_word' id='word_1_17' title='bbox 560 365 663 406; x_wconf 87' lang='lat' dir='ltr'>quae</span> <span class='ocrx_word' id='word_1_18' title='bbox 683 363 747 393; x_wconf 89' lang='lat' dir='ltr'>me</span> <span class='ocrx_word' id='word_1_19' title='bbox 768 351 1016 404; x_wconf 83' lang='lat' dir='ltr'>inducebat,</span> <span class='ocrx_word' id='word_1_20' title='bbox 1032 363 1077 394; x_wconf 92' lang='lat' dir='ltr'>ut</span> <span class='ocrx_word' id='word_1_21' title='bbox 1100 355 1224 411; x_wconf 88' lang='lat' dir='ltr'>plura</span> <span class='ocrx_word' id='word_1_22' title='bbox 1244 359 1399 412; x_wconf 82' lang='lat' dir='ltr'>etiam,</span> 
     </span>
     <span class='ocr_line' id='line_1_4' title="bbox 145 427 1401 484; baseline 0.002 -11"><span class='ocrx_word' id='word_1_23' title='bbox 145 435 152 440; x_wconf 85' lang='grc'><em>“</em></span> <span class='ocrx_word' id='word_1_24' title='bbox 189 443 314 484; x_wconf 89' lang='lat' dir='ltr'>quam</span> <span class='ocrx_word' id='word_1_25' title='bbox 345 430 470 472; x_wconf 91' lang='lat' dir='ltr'>initio</span> <span class='ocrx_word' id='word_1_26' title='bbox 491 427 791 470; x_wconf 86' lang='lat' dir='ltr'>constitueram</span> <span class='ocrx_word' id='word_1_27' title='bbox 808 456 823 477; x_wconf 83' lang='grc'>,</span> <span class='ocrx_word' id='word_1_28' title='bbox 849 427 1087 470; x_wconf 84' lang='lat' dir='ltr'><strong>scriberem.</strong></span> <span class='ocrx_word' id='word_1_29' title='bbox 1122 428 1263 484; x_wconf 82' lang='lat' dir='ltr'>Tum,</span> <span class='ocrx_word' id='word_1_30' title='bbox 1291 434 1401 476; x_wconf 90' lang='lat' dir='ltr'>haud</span> 
     </span>
     <span class='ocr_line' id='line_1_5' title="bbox 188 500 1403 562; baseline -0.002 -14"><span class='ocrx_word' id='word_1_31' title='bbox 188 506 416 548; x_wconf 84' lang='lat' dir='ltr'>absurdum</span> <span class='ocrx_word' id='word_1_32' title='bbox 450 503 679 556; x_wconf 84' lang='lat' dir='ltr'>putabam,</span> <span class='ocrx_word' id='word_1_33' title='bbox 710 500 919 543; x_wconf 87' lang='lat' dir='ltr'>scribendi</span> <span class='ocrx_word' id='word_1_34' title='bbox 949 503 1181 547; x_wconf 81' lang='lat' dir='ltr'>tarditatem</span> <span class='ocrx_word' id='word_1_35' title='bbox 1214 507 1403 562; x_wconf 81' lang='lat' dir='ltr'>longitu-</span> 
     </span>
     <span class='ocr_line' id='line_1_6' title="bbox 187 579 1404 639; baseline 0 -16"><span class='ocrx_word' id='word_1_36' title='bbox 187 582 284 624; x_wconf 85' lang='lat' dir='ltr'>dine</span> <span class='ocrx_word' id='word_1_37' title='bbox 310 579 554 632; x_wconf 86' lang='lat' dir='ltr'>scriptionis</span> <span class='ocrx_word' id='word_1_38' title='bbox 579 590 877 631; x_wconf 85' lang='lat' dir='ltr'>compensare,</span> <span class='ocrx_word' id='word_1_39' title='bbox 907 588 947 620; x_wconf 91' lang='lat' dir='ltr'>et</span> <span class='ocrx_word' id='word_1_40' title='bbox 980 581 1100 632; x_wconf 85' lang='lat' dir='ltr'><strong>quasi</strong></span> <span class='ocrx_word' id='word_1_41' title='bbox 1129 583 1308 627; x_wconf 84' lang='lat' dir='ltr'>debitam</span> <span class='ocrx_word' id='word_1_42' title='bbox 1331 598 1404 639; x_wconf 82' lang='lat' dir='ltr'>pe.</span> 
     </span>
     <span class='ocr_line' id='line_1_7' title="bbox 183 655 1399 706; baseline 0.006 -8"><span class='ocrx_word' id='word_1_43' title='bbox 183 656 351 699; x_wconf 88' lang='lat' dir='ltr'>cuniam</span> <span class='ocrx_word' id='word_1_44' title='bbox 379 667 477 697; x_wconf 87' lang='lat' dir='ltr'>eum</span> <span class='ocrx_word' id='word_1_45' title='bbox 511 655 732 697; x_wconf 84' lang='lat' dir='ltr'>duodecim</span> <span class='ocrx_word' id='word_1_46' title='bbox 770 666 976 697; x_wconf 87' lang='lat' dir='ltr'>annorum</span> <span class='ocrx_word' id='word_1_47' title='bbox 1015 655 1189 699; x_wconf 89' lang='lat' dir='ltr'>foenore</span> <span class='ocrx_word' id='word_1_48' title='bbox 1230 659 1399 706; x_wconf 87' lang='lat' dir='ltr'>referre.</span> 
     </span>
     <span class='ocr_line' id='line_1_8' title="bbox 181 730 1399 786; baseline 0.002 -11"><span class='ocrx_word' id='word_1_49' title='bbox 181 733 378 786; x_wconf 88' lang='lat' dir='ltr'>Denique</span> <span class='ocrx_word' id='word_1_50' title='bbox 400 732 566 782; x_wconf 83' lang='lat' dir='ltr'>esthoc</span> <span class='ocrx_word' id='word_1_51' title='bbox 589 730 814 773; x_wconf 86' lang='lat' dir='ltr'>amantium</span> <span class='ocrx_word' id='word_1_52' title='bbox 831 741 906 782; x_wconf 86' lang='lat' dir='ltr'>‚ut</span> <span class='ocrx_word' id='word_1_53' title='bbox 923 762 938 783; x_wconf 86' lang='lat'>‚</span> <span class='ocrx_word' id='word_1_54' title='bbox 966 744 1075 784; x_wconf 86' lang='lat' dir='ltr'>quos</span> <span class='ocrx_word' id='word_1_55' title='bbox 1097 743 1260 786; x_wconf 81' lang='lat' dir='ltr'>amant,</span> <span class='ocrx_word' id='word_1_56' title='bbox 1287 736 1399 778; x_wconf 74' lang='lat' dir='ltr'>hauc!</span> 
     </span>
     <span class='ocr_line' id='line_1_9' title="bbox 183 810 1392 864; baseline 0.004 -11"><span class='ocrx_word' id='word_1_57' title='bbox 183 811 307 854; x_wconf 83' lang='lat' dir='ltr'>facile</span> <span class='ocrx_word' id='word_1_58' title='bbox 339 811 497 864; x_wconf 89' lang='lat' dir='ltr'>alloqui</span> <span class='ocrx_word' id='word_1_59' title='bbox 535 810 776 852; x_wconf 85' lang='lat' dir='ltr'>ordiantur:</span> <span class='ocrx_word' id='word_1_60' title='bbox 819 811 945 852; x_wconf 86' lang='lat' dir='ltr'>semel</span> <span class='ocrx_word' id='word_1_61' title='bbox 974 812 1090 862; x_wconf 84' lang='lat' dir='ltr'>orsi,</span> <span class='ocrx_word' id='word_1_62' title='bbox 1123 812 1236 855; x_wconf 79' lang='lat' dir='ltr'>haud</span> <span class='ocrx_word' id='word_1_63' title='bbox 1266 813 1392 858; x_wconf 85' lang='lat' dir='ltr'>facile</span> 
     </span>
     <span class='ocr_line' id='line_1_10' title="bbox 184 886 1398 944; baseline 0.004 -14"><span class='ocrx_word' id='word_1_64' title='bbox 184 888 391 930; x_wconf 87' lang='lat' dir='ltr'>desinant.</span> <span class='ocrx_word' id='word_1_65' title='bbox 451 886 601 929; x_wconf 87' lang='lat' dir='ltr'>Veluti</span> <span class='ocrx_word' id='word_1_66' title='bbox 627 887 819 935; x_wconf 69' lang='lat' dir='ltr'>Socrates</span> <span class='ocrx_word' id='word_1_67' title='bbox 846 899 1057 930; x_wconf 82' lang='lat' dir='ltr'>sermones</span> <span class='ocrx_word' id='word_1_68' title='bbox 1081 898 1120 930; x_wconf 90' lang='lat' dir='ltr'>et</span> <span class='ocrx_word' id='word_1_69' title='bbox 1144 903 1398 944; x_wconf 82' lang='lat' dir='ltr'>congressus</span> 
     </span>
     <span class='ocr_line' id='line_1_11' title="bbox 181 961 1396 1021; baseline 0.005 -16"><span class='ocrx_word' id='word_1_70' title='bbox 181 975 280 1006; x_wconf 90' lang='lat' dir='ltr'>cum</span> <span class='ocrx_word' id='word_1_71' title='bbox 308 961 528 1004; x_wconf 87' lang='lat' dir='ltr'>Alcibiade</span> <span class='ocrx_word' id='word_1_72' title='bbox 550 962 622 1004; x_wconf 88' lang='lat' dir='ltr'>diu</span> <span class='ocrx_word' id='word_1_73' title='bbox 650 961 914 1005; x_wconf 87' lang='lat' dir='ltr'>intermissos</span> <span class='ocrx_word' id='word_1_74' title='bbox 936 972 1126 1015; x_wconf 86' lang='lat' dir='ltr'>repetens</span> <span class='ocrx_word' id='word_1_75' title='bbox 1151 965 1259 1008; x_wconf 82' lang='lat' dir='ltr'>dixit</span> <span class='ocrx_word' id='word_1_76' title='bbox 1280 968 1396 1021; x_wconf 86' lang='lat' dir='ltr'>apud</span> 
     </span>
     <span class='ocr_line' id='line_1_12' title="bbox 179 1038 1402 1093; baseline 0.006 -12"><span class='ocrx_word' id='word_1_77' title='bbox 179 1038 395 1081; x_wconf 86' lang='lat' dir='ltr'>Platonem</span> <span class='ocrx_word' id='word_1_78' title='bbox 429 1051 475 1091; x_wconf 88' lang='lat' dir='ltr'>p.</span> <span class='ocrx_word' id='word_1_79' title='bbox 500 1048 583 1089; x_wconf 83' lang='lat'>25,</span> <span class='ocrx_word' id='word_1_80' title='bbox 614 1038 678 1079; x_wconf 92' lang='lat' dir='ltr'>D:</span> <span class='ocrx_word' id='word_1_81' title='bbox 713 1038 782 1092; x_wconf 67' lang='grc' dir='ltr'>ὅροι</span> <span class='ocrx_word' id='word_1_82' title='bbox 804 1040 867 1089; x_wconf 75' lang='grc' dir='ltr'>δή·</span> <span class='ocrx_word' id='word_1_83' title='bbox 897 1041 940 1083; x_wconf 82' lang='grc' dir='ltr'>οὐ</span> <span class='ocrx_word' id='word_1_84' title='bbox 963 1040 1045 1093; x_wconf 70' lang='grc' dir='ltr'>γάρ</span> <span class='ocrx_word' id='word_1_85' title='bbox 1067 1057 1125 1083; x_wconf 81' lang='grc' dir='ltr'>τοι</span> <span class='ocrx_word' id='word_1_86' title='bbox 1150 1042 1200 1085; x_wconf 75' lang='grc' dir='ltr'>ἂν</span> <span class='ocrx_word' id='word_1_87' title='bbox 1224 1043 1282 1092; x_wconf 75' lang='grc' dir='ltr'>εἴη</span> <span class='ocrx_word' id='word_1_88' title='bbox 1303 1046 1402 1088; x_wconf 75' lang='grc' dir='ltr'>θαυ-</span> 
     </span>
     <span class='ocr_line' id='line_1_13' title="bbox 180 1116 1406 1172; baseline 0.003 -11"><span class='ocrx_word' id='word_1_89' title='bbox 180 1119 368 1171; x_wconf 64' lang='grc' dir='ltr'>μαστὸν,</span> <span class='ocrx_word' id='word_1_90' title='bbox 399 1119 433 1162; x_wconf 78' lang='grc' dir='ltr'>εἰ</span> <span class='ocrx_word' id='word_1_91' title='bbox 449 1147 464 1168; x_wconf 83' lang='grc'><em>,</em></span> <span class='ocrx_word' id='word_1_92' title='bbox 504 1117 630 1170; x_wconf 77' lang='grc' dir='ltr'><strong><em>ὥσπερ</em></strong></span> <span class='ocrx_word' id='word_1_93' title='bbox 661 1116 781 1168; x_wconf 70' lang='grc' dir='ltr'><em>μόγις</em></span> <span class='ocrx_word' id='word_1_94' title='bbox 808 1117 1008 1168; x_wconf 65' lang='grc' dir='ltr'>ἠρξάμην,</span> <span class='ocrx_word' id='word_1_95' title='bbox 1050 1116 1151 1161; x_wconf 70' lang='grc' dir='ltr'>οὕτω</span> <span class='ocrx_word' id='word_1_96' title='bbox 1182 1118 1300 1172; x_wconf 71' lang='grc' dir='ltr'><em>μόγις</em></span> <span class='ocrx_word' id='word_1_97' title='bbox 1330 1121 1406 1166; x_wconf 71' lang='grc' dir='ltr'>καὶ</span> 
     </span>
     <span class='ocr_line' id='line_1_14' title="bbox 181 1190 1404 1250; baseline -0.002 -12"><span class='ocrx_word' id='word_1_98' title='bbox 181 1197 431 1246; x_wconf 72' lang='grc' dir='ltr'><strong><em>παυσαίμην.</em></strong></span> <span class='ocrx_word' id='word_1_99' title='bbox 511 1192 614 1234; x_wconf 85' lang='lat' dir='ltr'>Sive</span> <span class='ocrx_word' id='word_1_100' title='bbox 658 1190 957 1233; x_wconf 83' lang='lat' dir='ltr'>communibus</span> <span class='ocrx_word' id='word_1_101' title='bbox 1006 1194 1168 1235; x_wconf 79' lang='lat' dir='ltr'>nostr1s</span> <span class='ocrx_word' id='word_1_102' title='bbox 1209 1194 1404 1250; x_wconf 73' lang='lat' dir='ltr'>deliciis,</span> 
     </span>
     <span class='ocr_line' id='line_1_15' title="bbox 179 1269 548 1323; baseline -0.005 -10"><span class='ocrx_word' id='word_1_103' title='bbox 179 1269 361 1313; x_wconf 86' lang='lat' dir='ltr'>Horatio</span> <span class='ocrx_word' id='word_1_104' title='bbox 377 1300 392 1323; x_wconf 84' lang='lat'><strong>,</strong></span> <span class='ocrx_word' id='word_1_105' title='bbox 426 1279 548 1323; x_wconf 86' lang='lat' dir='ltr'>utar,</span> 
     </span>
    </p>
   </div>
   <div class='ocr_carea' id='block_1_3' title="bbox 233 1383 1402 1592">
    <p class='ocr_par' dir='ltr' id='par_1_3' title="bbox 233 1383 1402 1592">
     <span class='ocr_line' id='line_1_16' title="bbox 236 1383 1402 1438; baseline 0.003 -10"><span class='ocrx_word' id='word_1_106' title='bbox 236 1383 439 1428; x_wconf 81' lang='lat' dir='ltr'>Omnibus</span> <span class='ocrx_word' id='word_1_107' title='bbox 452 1385 526 1427; x_wconf 75' lang='lat' dir='ltr'>hoe</span> <span class='ocrx_word' id='word_1_108' title='bbox 544 1385 696 1429; x_wconf 72' lang='lat' dir='ltr'>vitium</span> <span class='ocrx_word' id='word_1_109' title='bbox 721 1394 781 1427; x_wconf 77' lang='lat' dir='ltr'>est</span> <span class='ocrx_word' id='word_1_110' title='bbox 803 1385 1047 1428; x_wconf 82' lang='lat' dir='ltr'>cantoribus</span> <span class='ocrx_word' id='word_1_111' title='bbox 1061 1417 1077 1438; x_wconf 81' lang='lat'>‚</span> <span class='ocrx_word' id='word_1_112' title='bbox 1104 1386 1223 1427; x_wconf 74' lang='lat' dir='ltr'>inter</span> <span class='ocrx_word' id='word_1_113' title='bbox 1245 1388 1402 1431; x_wconf 79' lang='lat' dir='ltr'>amicos-</span> 
     </span>
     <span class='ocr_line' id='line_1_17' title="bbox 235 1460 1402 1518; baseline 0.003 -17"><span class='ocrx_word' id='word_1_114' title='bbox 235 1460 298 1502; x_wconf 78' lang='lat' dir='ltr'>Ut</span> <span class='ocrx_word' id='word_1_115' title='bbox 320 1475 547 1516; x_wconf 78' lang='lat' dir='ltr'>numquam</span> <span class='ocrx_word' id='word_1_116' title='bbox 572 1461 780 1503; x_wconf 73' lang='lat' dir='ltr'>inducant</span> <span class='ocrx_word' id='word_1_117' title='bbox 813 1463 1001 1505; x_wconf 78' lang='lat' dir='ltr'>animum</span> <span class='ocrx_word' id='word_1_118' title='bbox 1022 1470 1204 1504; x_wconf 64' lang='lat' dir='ltr'>cantare</span> <span class='ocrx_word' id='word_1_119' title='bbox 1226 1467 1402 1518; x_wconf 81' lang='lat' dir='ltr'>rogati,</span> 
     </span>
     <span class='ocr_line' id='line_1_18' title="bbox 233 1534 899 1592; baseline 0.008 -17"><span class='ocrx_word' id='word_1_120' title='bbox 233 1534 394 1588; x_wconf 53' lang='lat' dir='ltr'>Ipsum·</span> <span class='ocrx_word' id='word_1_121' title='bbox 423 1550 651 1592; x_wconf 81' lang='lat' dir='ltr'>numquam</span> <span class='ocrx_word' id='word_1_122' title='bbox 681 1536 899 1580; x_wconf 74' lang='lat' dir='ltr'>desistant.</span> 
     </span>
    </p>
   </div>
   <div class='ocr_carea' id='block_1_4' title="bbox 176 1649 1401 2010">
    <p class='ocr_par' dir='ltr' id='par_1_4' title="bbox 176 1649 1401 2010">
     <span class='ocr_line' id='line_1_19' title="bbox 180 1649 1401 1702; baseline 0.006 -11"><span class='ocrx_word' id='word_1_123' title='bbox 180 1649 334 1702; x_wconf 89' lang='lat' dir='ltr'>Neque</span> <span class='ocrx_word' id='word_1_124' title='bbox 368 1662 468 1692; x_wconf 85' lang='lat' dir='ltr'>vero</span> <span class='ocrx_word' id='word_1_125' title='bbox 512 1650 618 1691; x_wconf 88' lang='lat' dir='ltr'>solis</span> <span class='ocrx_word' id='word_1_126' title='bbox 648 1650 896 1692; x_wconf 87' lang='lat' dir='ltr'>cantoribus</span> <span class='ocrx_word' id='word_1_127' title='bbox 921 1650 1003 1693; x_wconf 92' lang='lat' dir='ltr'>hoc</span> <span class='ocrx_word' id='word_1_128' title='bbox 1031 1660 1094 1694; x_wconf 88' lang='lat' dir='ltr'>est</span> <span class='ocrx_word' id='word_1_129' title='bbox 1119 1653 1298 1697; x_wconf 83' lang='lat' dir='ltr'>vitium:</span> <span class='ocrx_word' id='word_1_130' title='bbox 1327 1652 1401 1698; x_wconf 80' lang='lat' dir='ltr'>sed</span> 
     </span>
     <span class='ocr_line' id='line_1_20' title="bbox 178 1724 1394 1778; baseline 0.003 -10"><span class='ocrx_word' id='word_1_131' title='bbox 178 1735 221 1768; x_wconf 85' lang='lat' dir='ltr'>et</span> <span class='ocrx_word' id='word_1_132' title='bbox 253 1724 569 1778; x_wconf 79' lang='lat' dir='ltr'>scriptoribuS,</span> <span class='ocrx_word' id='word_1_133' title='bbox 599 1734 640 1766; x_wconf 88' lang='lat' dir='ltr'>et</span> <span class='ocrx_word' id='word_1_134' title='bbox 677 1725 950 1777; x_wconf 86' lang='lat' dir='ltr'>oratoribus,</span> <span class='ocrx_word' id='word_1_135' title='bbox 981 1737 1022 1769; x_wconf 91' lang='lat' dir='ltr'>et</span> <span class='ocrx_word' id='word_1_136' title='bbox 1053 1727 1394 1772; x_wconf 83' lang='lat' dir='ltr'>Professoribus.</span> 
     </span>
     <span class='ocr_line' id='line_1_21' title="bbox 177 1799 1393 1858; baseline 0.005 -16"><span class='ocrx_word' id='word_1_137' title='bbox 177 1801 292 1843; x_wconf 89' lang='lat' dir='ltr'>Hinc</span> <span class='ocrx_word' id='word_1_138' title='bbox 320 1801 470 1854; x_wconf 84' lang='lat' dir='ltr'>longae</span> <span class='ocrx_word' id='word_1_139' title='bbox 491 1799 722 1852; x_wconf 84' lang='lat' dir='ltr'>epistolae,</span> <span class='ocrx_word' id='word_1_140' title='bbox 747 1801 896 1855; x_wconf 85' lang='lat' dir='ltr'>longae</span> <span class='ocrx_word' id='word_1_141' title='bbox 919 1803 1161 1856; x_wconf 82' lang='lat' dir='ltr'>orationes,</span> <span class='ocrx_word' id='word_1_142' title='bbox 1189 1817 1296 1858; x_wconf 90' lang='lat' dir='ltr'>quas</span> <span class='ocrx_word' id='word_1_143' title='bbox 1320 1806 1393 1848; x_wconf 82' lang='lat' dir='ltr'>Tu</span> 
     </span>
     <span class='ocr_line' id='line_1_22' title="bbox 176 1873 1399 1932; baseline 0.009 -18"><span class='ocrx_word' id='word_1_144' title='bbox 176 1873 347 1916; x_wconf 90' lang='lat' dir='ltr'>minime</span> <span class='ocrx_word' id='word_1_145' title='bbox 396 1875 586 1920; x_wconf 85' lang='lat' dir='ltr'>omnium</span> <span class='ocrx_word' id='word_1_146' title='bbox 626 1887 753 1918; x_wconf 88' lang='lat' dir='ltr'>amas.</span> <span class='ocrx_word' id='word_1_147' title='bbox 839 1876 898 1919; x_wconf 90' lang='lat' dir='ltr'>Et</span> <span class='ocrx_word' id='word_1_148' title='bbox 940 1879 1024 1932; x_wconf 85' lang='lat' dir='ltr'>jam</span> <span class='ocrx_word' id='word_1_149' title='bbox 1058 1879 1154 1932; x_wconf 91' lang='lat' dir='ltr'>ipse</span> <span class='ocrx_word' id='word_1_150' title='bbox 1191 1881 1399 1926; x_wconf 84' lang='lat' dir='ltr'>Horatius</span> 
     </span>
     <span class='ocr_line' id='line_1_23' title="bbox 180 1951 1396 2010; baseline 0.006 -17"><span class='ocrx_word' id='word_1_151' title='bbox 180 1962 261 1993; x_wconf 91' lang='lat' dir='ltr'>nos</span> <span class='ocrx_word' id='word_1_152' title='bbox 288 1960 431 1993; x_wconf 87' lang='lat' dir='ltr'>monet</span> <span class='ocrx_word' id='word_1_153' title='bbox 449 1980 464 2002; x_wconf 84' lang='lat'>‚</span> <span class='ocrx_word' id='word_1_154' title='bbox 491 1951 635 2003; x_wconf 90' lang='lat' dir='ltr'>prouti</span> <span class='ocrx_word' id='word_1_155' title='bbox 660 1952 747 1993; x_wconf 86' lang='lat' dir='ltr'>orsi</span> <span class='ocrx_word' id='word_1_156' title='bbox 770 1963 918 1994; x_wconf 86' lang='lat' dir='ltr'>sumus</span> <span class='ocrx_word' id='word_1_157' title='bbox 944 1953 987 1995; x_wconf 91' lang='lat' dir='ltr'>in</span> <span class='ocrx_word' id='word_1_158' title='bbox 1011 1954 1132 2007; x_wconf 83' lang='lat' dir='ltr'>ipso,</span> <span class='ocrx_word' id='word_1_159' title='bbox 1152 1955 1210 1998; x_wconf 86' lang='lat' dir='ltr'>ita</span> <span class='ocrx_word' id='word_1_160' title='bbox 1232 1957 1276 1998; x_wconf 90' lang='lat' dir='ltr'>in</span> <span class='ocrx_word' id='word_1_161' title='bbox 1297 1957 1396 2010; x_wconf 89' lang='lat' dir='ltr'>ipso</span> 
     </span>
    </p>
   </div>
   <div class='ocr_carea' id='block_1_5' title="bbox 173 2027 1394 2155">
    <p class='ocr_par' dir='ltr' id='par_1_5' title="bbox 173 2027 1394 2155">
     <span class='ocr_line' id='line_1_24' title="bbox 173 2027 1394 2083; baseline 0.004 -11"><span class='ocrx_word' id='word_1_162' title='bbox 173 2027 388 2080; x_wconf 84' lang='lat' dir='ltr'>desinere,</span> <span class='ocrx_word' id='word_1_163' title='bbox 420 2038 461 2069; x_wconf 85' lang='lat' dir='ltr'>et</span> <span class='ocrx_word' id='word_1_164' title='bbox 484 2038 532 2070; x_wconf 90' lang='lat' dir='ltr'>ut</span> <span class='ocrx_word' id='word_1_165' title='bbox 554 2038 672 2079; x_wconf 82' lang='lat' dir='ltr'>antea</span> <span class='ocrx_word' id='word_1_166' title='bbox 695 2040 885 2083; x_wconf 78' lang='lat' dir='ltr'>semper,</span> <span class='ocrx_word' id='word_1_167' title='bbox 914 2030 973 2073; x_wconf 85' lang='lat' dir='ltr'>ita</span> <span class='ocrx_word' id='word_1_168' title='bbox 994 2044 1108 2074; x_wconf 88' lang='lat' dir='ltr'>nunc</span> <span class='ocrx_word' id='word_1_169' title='bbox 1136 2045 1260 2076; x_wconf 89' lang='lat' dir='ltr'>suum</span> <span class='ocrx_word' id='word_1_170' title='bbox 1287 2034 1394 2077; x_wconf 85' lang='lat' dir='ltr'>illud</span> 
     </span>
     <span class='ocr_line' id='line_1_25' title="bbox 173 2113 613 2155; baseline 0.002 -12"><span class='ocrx_word' id='word_1_171' title='bbox 173 2113 270 2155; x_wconf 84' lang='lat' dir='ltr'>erga</span> <span class='ocrx_word' id='word_1_172' title='bbox 299 2113 344 2143; x_wconf 88' lang='lat' dir='ltr'>se</span> <span class='ocrx_word' id='word_1_173' title='bbox 380 2115 613 2155; x_wconf 83' lang='lat' dir='ltr'>usurpare,</span> 
     </span>
    </p>
   </div>
   <div class='ocr_carea' id='block_1_6' title="bbox 230 2213 1335 2276">
    <p class='ocr_par' dir='ltr' id='par_1_6' title="bbox 230 2213 1335 2276">
     <span class='ocr_line' id='line_1_26' title="bbox 230 2213 1335 2276; baseline 0.013 -22"><span class='ocrx_word' id='word_1_174' title='bbox 230 2213 388 2256; x_wconf 78' lang='lat' dir='ltr'>Prima</span> <span class='ocrx_word' id='word_1_175' title='bbox 416 2214 526 2256; x_wconf 81' lang='lat' dir='ltr'>dicte</span> <span class='ocrx_word' id='word_1_176' title='bbox 555 2217 662 2260; x_wconf 76' lang='lat' dir='ltr'>mihi</span> <span class='ocrx_word' id='word_1_177' title='bbox 679 2249 693 2271; x_wconf 82' lang='lat'>‚</span> <span class='ocrx_word' id='word_1_178' title='bbox 726 2232 887 2262; x_wconf 79' lang='lat' dir='ltr'>summa</span> <span class='ocrx_word' id='word_1_179' title='bbox 912 2219 1085 2264; x_wconf 72' lang='lat' dir='ltr'>dicende</span> <span class='ocrx_word' id='word_1_180' title='bbox 1108 2222 1335 2276; x_wconf 76' lang='lat' dir='ltr'>Camoena.</span> 
     </span>
    </p>
   </div>
   <div class='ocr_carea' id='block_1_7' title="bbox 232 2327 1287 2392">
    <p class='ocr_par' dir='ltr' id='par_1_7' title="bbox 232 2327 1287 2392">
     <span class='ocr_line' id='line_1_27' title="bbox 232 2327 1287 2392; baseline 0.011 -21"><span class='ocrx_word' id='word_1_181' title='bbox 232 2327 353 2372; x_wconf 88' lang='lat' dir='ltr'>Vale.</span> <span class='ocrx_word' id='word_1_182' title='bbox 385 2331 549 2391; x_wconf 89' lang='lat' dir='ltr'>Scripsi</span> <span class='ocrx_word' id='word_1_183' title='bbox 578 2335 663 2377; x_wconf 87' lang='lat' dir='ltr'>ruri</span> <span class='ocrx_word' id='word_1_184' title='bbox 695 2336 737 2380; x_wconf 89' lang='lat' dir='ltr'>d.</span> <span class='ocrx_word' id='word_1_185' title='bbox 767 2350 849 2380; x_wconf 82' lang='lat' dir='ltr'>XIV</span> <span class='ocrx_word' id='word_1_186' title='bbox 869 2337 973 2392; x_wconf 88' lang='lat' dir='ltr'>Julii</span> <span class='ocrx_word' id='word_1_187' title='bbox 1005 2351 1043 2383; x_wconf 88' lang='lat' dir='ltr'>a.</span> <span class='ocrx_word' id='word_1_188' title='bbox 1069 2352 1287 2385; x_wconf 80' lang='lat' dir='ltr'>Mocccv.</span> 
     </span>
    </p>
   </div>
   <div class='ocr_carea' id='block_1_8' title="bbox 772 2567 1388 2623">
    <p class='ocr_par' dir='ltr' id='par_1_8' title="bbox 772 2567 1388 2623">
     <span class='ocr_line' id='line_1_28' title="bbox 772 2567 1388 2623; baseline 0.013 -15"><span class='ocrx_word' id='word_1_189' title='bbox 772 2567 865 2623; x_wconf 62' lang='lat'>1⁴25</span> <span class='ocrx_word' id='word_1_190' title='bbox 1301 2576 1388 2616; x_wconf 85' lang='lat' dir='ltr'>DE</span> 
     </span>
    </p>
   </div>
  </div>
 </body>
</html>
