1693 3110
398 144 516 192 DE
582 143 1137 191 POSI'DONIO.
1301 143 1390 199 263

172 285 256 328 que
289 273 435 324 lapsus
471 279 549 312 est.
619 268 735 321 Ergo
769 280 855 311 non
889 268 1031 320 vidit,
1075 267 1150 311 sed
1178 280 1386 310 memora·

175 353 265 402 vit,
297 350 524 390 memoriae
540 345 765 402 prodidit,
796 345 912 386 illurn
943 344 1056 387 Solis
1079 342 1317 386 defectum:
1340 352 1383 384 et

172 426 320 468 multis
354 433 501 478 postea
534 421 716 464 saeculis
742 419 879 461 fuisse
911 422 1053 472 potuit
1079 421 1381 465 Antimachus-

169 502 286 558 Qui,
310 511 514 543 caeterum
538 499 644 539 idem
671 509 723 539 an
748 497 857 538 alius
883 498 1005 539 sitae
1027 497 1183 540 nobilis
1206 497 1277 539 ille
1301 499 1390 540 Co-

170 577 432 631 lophonius„
461 583 503 616 et
529 586 609 626 qua
639 572 768 614 fuerit
793 582 924 613 aetate
940 603 955 623 ‚
980 574 1114 625 levia,
1144 585 1220 614 nec
1244 582 1384 614 tamen

169 650 399 704 abjicienda
415 679 430 702 ‚
461 658 626 690 exstant
646 646 830 698 indicia,
862 646 907 689 in
931 647 1048 689 aliud
1066 647 1193 693 nobis
1216 656 1385 701 tempus

165 727 404 783 rejicienda.

224 804 273 845 P.
322 814 416 854 114.
466 803 582 857 Σύροι
619 812 658 844 et
688 804 819 857 Σύριοι
845 802 1087 856 promiscue
1120 801 1322 844 dicuntur
1343 801 1390 847 in

165 878 366 919 Veterum
391 878 511 919 libris
548 879 691 931 Syriae
717 879 901 932 regionis
930 879 1119 931 incolae3
1155 878 1244 920 sive
1273 890 1391 919 com..

168 956 318 998 munio
342 956 424 998 ista
448 957 503 997 sit
524 956 574 997 ab
600 956 707 1010 ipsis
733 957 1044 1011 scriptoribus,
1070 957 1160 999 sive
1178 956 1202 998 a
1230 957 1391 999 descri-

164 1033 380 1087 ptoribus.
439 1032 581 1086 Magis
611 1045 747 1075 tamen
780 1047 864 1075 eam
897 1035 947 1076 ab
980 1035 1076 1086 his,
1110 1047 1235 1085 quam
1261 1034 1311 1074 ab
1337 1034 1391 1075 il.

164 1109 244 1160 lis,
277 1109 443 1152 venisse
482 1122 652 1162 putem:
697 1121 738 1150 et
775 1107 1018 1164 hujusmodi
1052 1110 1254 1150 rationem
1290 1121 1392 1161 pro-

165 1188 290 1239 bem3
319 1196 366 1227 ut
395 1190 514 1241 Σύροι
535 1188 736 1229 habeatur
757 1189 900 1230 ἐθνικὸν
915 1216 930 1237 ‚
956 1187 1142 1241 gentile,
1159 1198 1205 1226 ac
1231 1186 1281 1227 de
1307 1186 1387 1227 ho-

165 1263 353 1306 minibus
383 1264 572 1305 dicatur:
609 1266 748 1318 Σύριος
778 1273 916 1305 autem
949 1266 1161 1315 κτητικὸν,
1183 1264 1234 1304 de
1260 1263 1388 1306 rebus

164 1340 216 1380 ad
248 1338 409 1391 Syriam
445 1338 755 1391 pertinentibus
796 1347 1039 1389 usurpetur.
1101 1337 1199 1378 Huc
1225 1348 1265 1378 et
1289 1351 1388 1380 ana-

164 1414 276 1468 logia
300 1413 445 1466 ducit,
471 1423 511 1455 et
537 1415 668 1469 maJ'or
690 1414 976 1466 exemplorum
999 1424 1216 1456 numerus,
1274 1414 1391 1455 Nam

166 1489 308 1531 insula
345 1491 466 1541 Σύρος
504 1490 705 1530 minorem
742 1490 863 1529 habet
897 1489 1235 1541 dubitationem,
1279 1490 1387 1541 quin

163 1566 254 1619 ejus
279 1567 418 1608 ἐθνικὸν
447 1564 504 1606 sit
531 1567 666 1617 Σύριος
682 1595 697 1616 ,
723 1577 770 1607 ac
796 1576 839 1609 v.
864 1578 906 1608 c.
931 1565 1189 1619 Pherecydes
1209 1568 1384 1620 Syrius,

166 1652 255 1682 non
295 1640 459 1692 Syrus,
503 1640 755 1693 cognomine
787 1640 1054 1693 insigniatur.
1124 1642 1386 1690 Conferendi

165 1726 264 1758 sunt
304 1715 541 1768 Stephanus
567 1714 674 1769 Byz.
711 1716 752 1758 in
791 1717 970 1759 vocibus
1007 1719 1125 1772 Σύροι
1166 1730 1206 1760 et
1230 1721 1380 1774 Eupo-3⁹.

161 1807 209 1836 ac
233 1794 437 1836 Davisius
457 1795 508 1836 ad
530 1794 754 1837 Ciceronis
780 1795 920 1839 Tusc.
945 1795 965 1836 Ι
982 1826 996 1846 ‚
1030 1797 1094 1841 16.

219 1871 269 1912 P.
322 1882 416 1922 119.
469 1870 674 1912 Herodoti
699 1871 918 1922 sophisma
937 1870 1029 1924 IV,
1063 1872 1136 1924 36:
1169 1874 1203 1917 εἰ
1225 1874 1306 1918 εἶσί
1326 1889 1386 1922 τι,-

164 1965 224 1996 νες
257 1947 505 2000 ’Τπερβόρεσι
545 1948 760 2001 ἄνθρωποι,
791 1949 866 1991 εἷο-ἶ
893 1949 962 1994 καὶ
997 1949 1207 2000 ὑπερνότιοι
1237 1951 1385 1995 ἄλλοι·

170 2024 393 2077 attigimus
418 2023 461 2065 in
486 2023 790 2076 Disputatione
821 2024 886 2066 De
906 2024 1066 2068 Placito
1091 2026 1389 2071 Immortalira.

162 2103 220 2140 tis
238 2130 251 2151 ‚
281 2098 433 2151 Capite
464 2098 534 2150 V,
576 2100 641 2141 De
667 2100 868 2153 Platone,
901 2114 947 2155 p.
974 2115 1146 2156 xxxvt,
1178 2105 1296 2157 quod
1321 2105 1388 2149 lo-

164 2176 425 2228 cupletatum
454 2176 664 2219 Phaedoni
694 2179 1029 2231 praeposuimus.

218 2252 266 2293 P.
305 2266 402 2296 121.
455 2253 675 2297 Strabonis
690 2254 801 2306 Vll,
835 2268 878 2308 p.
902 2269 1015 2312 454,
1045 2258 1092 2306 Β,
1119 2262 1389 2314 κκπμοβρειι-κς

164 2336 242 2366 nec
269 2338 417 2367 sanum
433 2356 449 2378 ‚
482 2337 521 2370 et
545 2329 568 2370 a
596 2329 740 2373 multis
763 2340 962 2373 tentatum
978 2362 992 2384 ‚
1016 2332 1197 2379 fortasse
1215 2338 1390 2384 exstite-

163 2400 219 2442 rit
244 2412 293 2442 ex
316 2404 482 2444 veriore
505 2415 645 2447 vetere
668 2406 848 2447 lectione
872 2409 1135 2461 ἀγμρβιώως,

218 2477 267 2527 Ρ,
306 2491 399 2532 125.
445 2481 663 2526 Strabonis
689 2484 777 2539 iii,
810 2498 855 2539 p.
884 2500 995 2546 259,
1025 2487 1277 2546 Βῖ-ψεῦτμκ
1299 2496 1391 2546 Φοιτ

859 2560 900 2608 R
926 2576 955 2623 4
1335 2585 1391 2615 m*
