1693 3110
379 135 488 182 DE
555 129 996 177 UNITATE
1065 123 1236 173 DEI.
1325 138 1416 183 42,

189 259 464 311 fectioneque
488 255 730 306 induceret,
762 254 880 307 quod
907 253 1074 306 quidem
1095 250 1254 302 sciam,
1283 260 1406 293 nemo

195 337 339 381 sanior
357 336 458 378 fuit.

252 413 365 455 Satis
386 410 569 453 diximus
595 407 646 449 de
668 403 879 447 veteribus
891 414 936 446 et
958 403 1147 456 profanis
1162 433 1177 454 ,
1192 400 1410 444 videamus

192 501 245 532 an
268 487 516 530 recentiores
539 492 578 526 et
600 480 838 525 Christiani
863 479 1011 522 melius
1034 480 1277 530 certiusque
1298 484 1411 518 attu-

191 565 315 609 ierint
337 564 429 618 ejus
453 560 679 604 sententiae
700 564 1012 612 argumentum.
1053 554 1100 596 ln
1129 567 1216 606 quo
1238 553 1408 605 quidem

191 638 445 681 inveniendo
485 636 613 691 huJ'us
650 644 690 676 et
723 631 955 687 superioris
991 629 1123 671 seculi
1154 626 1414 678 Philosophi

194 712 386 756 certatim
410 723 576 763 operam
602 709 801 763 posuisse
821 708 1042 750 videntur:
1058 703 1214 746 inventi
1236 701 1412 755 gloriam

189 800 244 831 an
268 800 361 833 vere
395 787 479 830 sibi
499 787 710 831 vindicare
733 793 886 839 queant
901 813 917 836 9
940 791 1089 837 postea
1117 780 1349 835 apparebit.

733 940 886 958 -n-

542 1050 860 1096 PARS
958 1047 1042 1092 IL

241 1185 330 1241 Jam
374 1185 590 1229 videamus
625 1186 676 1227 de
711 1183 982 1236 rationibus,
1023 1182 1181 1236 quibus
1211 1182 1413 1227 efficiatur

182 1272 276 1304 non
302 1260 444 1313 plures
475 1272 571 1301 esse
601 1271 690 1300 uno
725 1260 844 1300 Deo:
879 1271 984 1310 quae
1020 1259 1189 1310 quidem
1223 1261 1406 1303 rationes

185 1345 229 1378 et
264 1336 483 1378 ducuntur
514 1343 554 1376 et
579 1332 792 1375 ducendae
815 1341 918 1376 sunt
949 1345 999 1374 ex
1029 1334 1248 1376 attributis
1281 1335 1406 1377 Divi-

186 1412 284 1465 nis;
316 1411 372 1453 ita
395 1420 443 1453 ut
467 1419 718 1463 quaeratur,
747 1420 798 1450 an
820 1409 877 1449 sit
899 1420 944 1450 ea
965 1408 1028 1450 vis
1049 1409 1197 1450 horum
1221 1412 1404 1451 attribu-

185 1495 326 1529 torum
345 1515 361 1537 ‚
394 1494 441 1526 ut
462 1486 506 1526 in
540 1485 662 1538 plura
690 1495 776 1524 uno
798 1483 990 1536 subjecta
1017 1485 1159 1526 cadere
1176 1495 1409 1536 nequeantg

186 1561 325 1613 Atqui
352 1560 418 1603 vis
451 1559 751 1601 attributorum
784 1557 1039 1600 Divinorum
1070 1560 1183 1602 varie
1204 1560 1412 1605 infortiass

185 1646 256 1678 tur
270 1665 286 1686 ‚
316 1647 395 1688 pro
415 1634 616 1676 varietate
638 1645 810 1675 caussae
832 1645 883 1675 ex
906 1646 988 1686 qua
1010 1634 1286 1690 intelligitur,
1308 1650 1404 1682 eum

187 1724 296 1754 esse.
354 1710 465 1753 Nam
504 1719 649 1761 antea,
680 1720 804 1761 quam
841 1710 983 1761 quaeri
1019 1719 1162 1763 potest
1187 1713 1326 1768 qualis
1347 1717 1406 1757 sit

187 1787 335 1839 Deus,
365 1795 560 1830 constare
584 1785 706 1827 debet
733 1798 824 1826 eum
846 1797 956 1829 esse:
986 1796 1027 1828 et
1049 1800 1099 1830 ex
1122 1789 1257 1831 eadem
1282 1801 1408 1833 caus·

189 1876 236 1906 sa
269 1875 348 1916 qua
376 1861 632 1915 intelligitur
660 1875 751 1903 eum
791 1873 897 1914 esse,
927 1862 1052 1905 etiam
1087 1862 1404 1917 intelligendum

188 1949 253 1982 est
288 1938 428 1994 qualis
453 1939 528 1977 sit.
593 1936 650 1977 Et
677 1936 857 1988 primum
886 1938 1072 1979 omnium
1106 1937 1213 1980 illud
1247 1950 1311 1981 est
1345 1950 1408 1982 te-

190 2015 371 2059 nendum
395 2041 411 2064 ‚
442 2012 545 2052 duas
579 2022 669 2053 esse
696 2011 815 2063 vias,
848 2011 1005 2064 quibus
1028 2014 1079 2056 ad
1111 2026 1246 2057 rerum
1271 2016 1409 2059 scien-

188 2092 286 2130 tiam
332 2085 637 2141 perveniatur,
683 2087 847 2129 alteram
890 2089 1155 2143 Analyticatn
1181 2121 1196 2142 ‚
1239 2091 1411 2135 alteram

192 2162 509 2215 Syntheticam3
554 2173 749 2215 recteque
774 2192 790 2216 ,
844 2164 1071 2216 repudiatis
1107 2166 1200 2208 aliis
1236 2168 1408 2210 rationi·

190 2236 299 2290 buS,
342 2249 448 2290 quae
480 2238 546 2280 vel
585 2239 638 2282 ab
673 2239 785 2291 idea,
829 2248 875 2280 ut
908 2251 1090 2294 vocant,
1132 2243 1302 2295 innata,
1344 2246 1412 2288 vel

192 2311 358 2354 aliunde
395 2324 669 2368 repetuntur-3
715 2315 781 2357 his
816 2316 947 2369 igitur
981 2320 1237 2373 repudium,
1268 2323 1415 2375 philo-

193 2385 323 2437 sophi
359 2388 463 2429 duas
498 2389 593 2434 illas
629 2393 679 2435 ad
711 2386 899 2435 Divinae
921 2403 1093 2438 naturae
1120 2399 1409 2451 cognitionem

185 2459 278 2503 vias
304 2463 485 2515 ingressi
524 2478 641 2515 sunt.
700 2469 784 2514 Sed
815 2470 859 2512 in
884 2470 1109 2524 Analytica
1132 2473 1201 2518 via
1229 2473 1273 2517 in
1293 2484 1410 2516 erro·

847 2542 924 2587 Ee
962 2557 990 2599 4
1358 2559 1425 2595 res
