1693 3110
353 179 440 235 4⁶⁶
570 170 1245 223 ontispuT-A’rto

360 300 500 343 minus
522 297 599 340 hae
621 309 685 339 res
705 309 728 338 a
750 297 896 340 multis
909 295 1088 339 Naturis
1109 294 1446 349 intelligentibus
1466 310 1561 355 per.

358 373 467 416 fecte
488 372 825 425 perspiciantur?
884 372 991 431 Nam
1015 372 1204 413 videmus
1224 372 1343 413 etiam
1366 372 1559 418 homines

359 448 449 491 sive
484 448 624 500 plures
662 446 750 490 sive
784 436 1001 500 pauciores
1038 458 1163 489 unam
1198 448 1450 501 eandemque
1473 460 1560 492 rem

357 523 591 577 intelligere
616 535 761 575 posse.
821 522 929 573 Sed,
961 523 1105 576 ajunt,
1136 522 1204 564 ita
1226 522 1361 565 Deum
1381 523 1565 566 consilia

357 612 434 641 sua
458 607 498 640 et
520 599 791 653 cogitationes
815 597 996 653 reliquos
1028 597 1132 645 chos
1162 597 1302 639 celare
1324 611 1406 640 non
1428 610 1561 655 posse.

356 673 475 729 Quid
503 675 668 716 tandem
693 674 870 716 obsecro
895 682 958 715 est
980 673 1096 725 quod
1116 672 1232 715 Deus
1261 675 1362 716 alter
1385 675 1562 718 alterum

363 752 499 792 celare
521 751 648 804 velit3
681 749 798 805 Quin
823 748 969 800 potius
994 748 1095 791 haec
1119 758 1184 792 est
1205 747 1418 792 felicitatis
1442 762 1568 806 pars,

359 826 409 868 ut
432 827 614 869 virtutes
637 826 729 880 ejus
752 825 802 867 ab
828 824 921 867 aliis
941 823 1119 869 Naturis
1137 824 1477 881 intelligentibus
1497 837 1577 870 co-

359 912 635 959 gnoscantur.

422 980 530 1022 Istae
564 977 757 1032 profecto
781 977 1040 1020 ratiunculae
1065 975 1397 1031 proficiscuntur
1422 980 1474 1022 ab
1497 978 1576 1022 im·

369 1054 597 1097 becillitate
618 1054 814 1096 humana.
875 1052 993 1103 Rex,
1025 1051 1107 1094 nisi
1132 1054 1251 1095 solus
1271 1052 1474 1106 imperet,
1505 1051 1580 1107 sed¹

366 1130 485 1184 regni
510 1130 673 1172 socium
708 1128 869 1180 aequali
897 1127 1044 1182 habeat
1068 1127 1275 1180 imperio,
1303 1135 1391 1169 non
1415 1138 1460 1169 se
1483 1125 1581 1168 bea-

365 1216 456 1252 tum
492 1207 658 1261 putabit
683 1207 705 1249 ‘2
760 1206 932 1249 Invidus
967 1205 1135 1257 quidem
1173 1215 1212 1246 et
1247 1204 1444 1258 regnandi
1472 1204 1580 1246 male

369 1273 580 1339 cupidus3
610 1296 698 1326 non
733 1284 770 1323 is
804 1283 848 1324 in
872 1294 957 1334 quo
982 1281 1039 1322 sit
1064 1281 1295 1333 sapientia,
1330 1279 1574 1332 fortitudo,

370 1365 535 1422 justitia
551 1393 566 1414 ‚
607 1359 900 1414 temperantia,
940 1359 1014 1410 qui
1052 1359 1217 1410 quidem
1256 1359 1467 1412 aequalem
1501 1356 1585 1401 sibi

376 1437 612 1482 virtutibus
647 1444 796 1477 nactus
830 1431 1020 1483 socium,
1053 1444 1243 1485 magnam
1275 1433 1489 1477 felicitatis
1516 1434 1588 1476 ad·

379 1515 600 1571 jectionem
625 1510 705 1552 sibi
731 1508 881 1551 factam
902 1506 1158 1550 existimabit
1175 1536 1191 1558 ,
1221 1516 1262 1548 et
1281 1519 1363 1550 una
1388 1511 1591 1553 sententia

384 1591 689 1640 voluntateque
716 1597 887 1640 regnum
921 1596 1016 1626 cum
1045 1595 1095 1625 eo
1130 1582 1453 1626 administrabit.
1511 1584 1590 1626 Vi-

382 1647 526 1708 cinum
560 1663 596 1705 si
626 1660 853 1703 habeamus
886 1658 1130 1709 curiosum,
1161 1657 1381 1711 invidum,
1411 1661 1594 1704 malevo-

385 1720 508 1796 lum,
537 1740 627 1793 ejus
656 1736 893 1779 luminibus
928 1734 1147 1777 obstruere
1174 1746 1376 1777 conamur
1388 1762 1409 1788 ,«
1436 1747 1512 1778 nec
1539 1736 1592 1779 ab

388 1829 438 1859 eo
467 1829 547 1859 nos
585 1813 740 1867 inspici
772 1814 992 1854 volumuS.
1049 1810 1098 1852 In
1124 1809 1219 1852 Diis
1246 1812 1360 1854 nulla
1388 1810 1595 1866 ejusmodi

388 1905 538 1938 caussa
566 1890 730 1933 subest.
789 1888 930 1943 Quare
958 1887 994 1928 si
1018 1896 1191 1931 naturae
1214 1895 1381 1929 nostrae
1405 1886 1593 1929 imbecil-

390 1971 508 2014 litate
529 1967 664 2009 Deum
687 1966 738 2008 ad
759 1964 988 2006 humanum
1015 1963 1250 2016 exemplum
1283 1962 1592 2016 informamus,

396 2044 502 2098 quid
515 2053 578 2086 est
600 2042 716 2094 quod
729 2040 959 2093 exemplum
984 2050 1071 2080 non
1091 2050 1113 2079 a
1131 2036 1255 2079 bonis
1276 2035 1448 2095 potius,
1469 2048 1595 2090 quarn

395 2133 420 2163 a
442 2119 580 2171 pravis
595 2147 610 2169 a
644 2115 892 2158 sumamus?
939 2113 1107 2154 Etenim
1134 2123 1221 2164 quo
1243 2110 1429 2163 quisque
1451 2112 1601 2154 melior

391 2209 433 2242 et
470 2198 560 2252 ipse
592 2204 655 2237 est
686 2194 781 2246 vir,
810 2201 850 2234 et
884 2202 973 2243 quo
1007 2197 1107 2231 sunt
1141 2186 1332 2228 meliores
1354 2186 1462 2237 viri,
1493 2186 1602 2228 inter

400 2285 512 2326 quos
528 2271 668 2325 degit,
683 2281 733 2311 eo
756 2267 886 2321 magis
911 2277 1008 2307 suas
1030 2262 1209 2316 quisque
1235 2274 1296 2303 res
1318 2273 1480 2314 suaque
1498 2273 1600 2304 con-

401 2347 493 2390 silia
523 2347 564 2388 in
596 2347 689 2386 luce
712 2352 920 2396 exponet,
950 2350 1076 2391 seque
1099 2347 1235 2379 totum
1261 2337 1354 2379 aliis
1388 2346 1524 2390 patere
1545 2336 1600 2378 ab

401 2422 537 2474 iisque
563 2420 715 2473 inspici
738 2418 865 2461 volet.

464 2509 504 2555 3.
520 2496 616 2539 Alia
640 2504 702 2537 est
718 2494 823 2538 ratio
846 2491 886 2535 T
890 2489 1036 2536 ollneri
1051 2488 1204 2543 ‚ducta
1218 2517 1233 2541 ,
1258 2495 1304 2530 ut
1323 2486 1413 2540 ipse
1434 2485 1601 2538 quidem

1508 2571 1594 2615 att,
