1693 3110
279 190 359 240 DE
389 184 926 238 IMMoRTALITATE
963 180 1162 238 AN1M1.
1258 191 1347 249 ⁶39.

117 318 259 376 Igitur
280 331 370 363 non
393 318 614 361 tribuenda
639 325 741 360 sunt
765 314 848 368 ipsi
872 326 1010 367 neque
1033 315 1076 359 in
1099 315 1190 370 ejus
1213 315 1342 369 placi-
1359 336 1444 376 seen.
1465 328 1514 369 x,

115 396 218 438 citis
243 394 494 438 numeranda
509 423 524 446 ‚
560 404 667 446 quae
689 392 826 446 primo
843 390 954 434 libro
979 393 1028 434 de
1050 393 1215 436 Natura
1230 392 1342 437 Deo·
1360 376 1507 409 ⁶³⁹⁶*OE

119 481 214 518 rum
248 474 438 529 Vellejus
463 472 710 525 Epicurus,
740 483 815 513 nec
842 483 949 524 quae
970 473 1157 515 secundo
1182 473 1343 516 Balbus

111 552 319 602 Stoicus,
349 560 425 592 nec
469 559 573 601 quae
604 547 741 600 primo
775 547 825 588 de
866 546 1044 589 Finibus
1085 547 1343 601 Torquatus

66 672 71 675 ,
107 626 384 679 Epicureus,
423 636 500 667 nec
538 635 646 676 quae
679 623 805 665 tertio
834 623 944 665 Cato
981 623 1155 665 Stoicus
1190 625 1344 678 dispu-

106 708 218 746 tant.
277 700 430 755 Neque
464 700 585 742 etiam
626 712 671 741 ea
705 702 846 742 omnia
881 699 917 740 ei
950 699 1171 741 tribuenda
1203 708 1336 751 sunt,

111 786 221 831 quae
254 775 308 818 ab
343 775 607 818 Academicis
631 774 673 815 in
699 774 965 826 colloquium
991 773 1178 816 inductis
1204 774 1342 815 disse-

108 860 291 893 runtur:
325 851 459 893 veluti
495 849 621 892 tertio
649 850 699 892 de
723 850 884 892 Natura
913 850 1105 892 Deorum
1127 862 1148 890 a
1173 849 1334 903 Cotta,

109 928 193 970 sub
237 928 362 981 cujus
396 930 579 980 persona
615 927 746 980 vulgo
782 927 907 968 Iatere
939 935 1114 979 putatur
1148 927 1331 979 Cicer-03

106 1005 352 1059 praesertim
392 1016 524 1056 quum
551 1004 643 1058 ipse
674 1003 755 1045 sub
783 1003 906 1045 finem
937 1004 1047 1046 tertii
1070 1004 1168 1045 libri
1191 1005 1333 1056 dicat,

109 1084 194 1127 sibi
218 1083 337 1126 Balbi
366 1095 491 1136 quam
520 1082 679 1126 Cottae
715 1082 945 1124 orationem
976 1081 1064 1123 veri
1088 1082 1218 1122 visam
1242 1088 1334 1122 esse

105 1160 372 1203 similiorem.
419 1160 501 1202 Est
525 1160 702 1201 omnino
730 1161 773 1200 in
799 1159 882 1201 hoc
912 1159 1008 1201 loco
1033 1158 1227 1199 accurata
1251 1156 1334 1198 cri.

103 1234 145 1276 si
171 1247 307 1288 opus:
334 1234 384 1275 de
408 1234 493 1285 qua
518 1235 567 1276 ad
592 1242 786 1276 nostrum
812 1233 978 1285 quidem
1000 1232 1244 1275 institutum
1265 1244 1333 1274 sa-

105 1311 163 1354 tis
187 1321 251 1353 est
278 1311 394 1362 quod
419 1309 684 1352 monuimus.
726 1307 837 1350 Nam
865 1308 934 1351 illa
950 1339 964 1360 ,
988 1307 1214 1362 profecto,
1242 1310 1330 1362 pia-

101 1391 214 1443 cita,
245 1389 443 1432 omnibus
478 1387 847 1442 approbantibus,
880 1387 1082 1429 Ciceroni
1110 1387 1330 1428 tribuenda

97 1476 204 1510 sunt
232 1477 339 1518 quae
354 1457 459 1518 *ipse
481 1476 532 1506 ex
555 1466 631 1506 sua
665 1465 849 1516 persona
876 1461 1160 1515 pronunciat3
1192 1461 1329 1502 veluti

99 1543 147 1586 in
177 1541 438 1585 Tusculanis
473 1540 840 1594 Quaestionibus‚
883 1539 1007 1579 libris
1045 1539 1095 1581 de
1127 1537 1328 1599 Officiis,

98 1620 152 1662 de
185 1618 406 1674 Legibus,
437 1627 478 1659 et
512 1616 630 1658 aliis:
664 1616 730 1658 vel
763 1616 807 1657 in
840 1614 892 1656 iis
916 1614 1122 1667 scriptis,
1153 1614 1230 1655 ubi
1255 1614 1326 1656 di-

104 1704 215 1739 serte
245 1695 338 1747 ipse
362 1692 603 1748 significat,
637 1705 680 1735 se
702 1692 782 1734 sub
808 1692 928 1746 ejus,
961 1691 1034 1745 qui
1058 1692 1238 1744 loquens
1258 1691 1328 1733 in.

106 1771 307 1824 ducitur,
339 1772 522 1823 persona
543 1781 659 1811 suam
684 1778 725 1810 et
748 1767 961 1821 propriam
985 1767 1236 1809 sententiam
1253 1779 1326 1809 ex·

101 1849 291 1903 plicare,
322 1848 457 1889 veluti
492 1848 542 1889 de
576 1846 800 1888 Senectute
831 1844 911 1888 sub
946 1843 1161 1896 CatoniS,
1199 1854 1240 1885 et
1276 1843 1326 1894 in,

99 1922 352 1979 fragmentis
375 1924 578 1966 librorum
611 1922 660 1963 de
687 1920 924 1973 Republica
961 1920 1043 1961 sub
1076 1919 1321 1972 Scipionis,

100 1987 143 2045 et
177 2001 278 2044 alibi
304 2002 384 2043 sub
407 2000 613 2050 aliorum,
644 1999 841 2050 persona.
900 1995 1044 2049 Quare
1064 2007 1164 2048 age,
1196 1994 1319 2038 Cice·

97 2079 217 2120 ronis
239 2075 485 2120 sententiam
511 2076 560 2117 de
583 2072 898 2116 Immortalitate
931 2083 981 2113 ex
1006 2071 1058 2112 iis
1084 2072 1327 2135 constitua-

98 2165 193 2195 mus
219 2153 327 2196 locis
342 2183 358 2207 ,
391 2165 574 2207 quorum
598 2151 827 2194 auctoritas
851 2149 968 2192 omni
991 2149 1240 2202 exceptione
1263 2150 1321 2192 sit

100 2230 248 2283 major.

154 2307 410 2361 Praecipuus
447 2308 492 2351 in
524 2308 605 2350 hoc
640 2315 885 2361 argumento
917 2305 1023 2347 liber
1058 2315 1123 2348 est
1155 2305 1319 2358 primus

103 2379 443 2426 Tusculanarum
466 2384 818 2438 Disputationum
834 2415 849 2435 ,
881 2382 955 2424 ubi
979 2381 1160 2434 Cicero,
1190 2392 1232 2424 et
1255 2383 1320 2436 ip·

101 2469 179 2510 se,
210 2468 250 2500 et
275 2459 453 2512 graviter
476 2471 522 2503 ac
547 2461 684 2511 serio,
714 2458 922 2510 loquitur.
980 2458 1253 2509 Propositum
1279 2458 1318 2499 ei

99 2545 217 2592 erat,
245 2546 294 2579 ut
329 2536 503 2581 efficeret
532 2536 720 2582 Mortem
757 2549 836 2577 non
867 2547 947 2577 esse
973 2536 1162 2577 malum:
1191 2533 1320 2584 idque

1217 2619 1321 2651 con·
