1693 3110
366 157 471 201 DE
536 154 973 201 UNITATE
1040 155 1215 200 DEI.
1315 167 1396 212 453

186 289 288 325 sunt
318 280 492 333 gradum
526 290 705 330 quorum
733 279 898 331 quidem
925 290 1134 320 summum
1164 279 1279 320 Deus
1309 277 1387 319 ob·

188 356 323 408 tinet;
357 357 514 408 quippe
542 356 615 406 qui
639 366 859 405 caussam,
892 367 1018 406 quare
1040 355 1219 405 existat,
1251 353 1294 393 in
1313 365 1390 405 se,

191 443 269 474 nec
303 432 346 472 in
375 432 451 471 alia
481 441 522 470 re
558 428 739 481 positam
768 427 907 470 habet.
969 427 1097 481 Quod
1119 436 1254 468 autem
1283 426 1395 467 Deus

196 517 329 546 rerum
365 515 478 546 extra
500 516 592 545 eum
619 503 675 544 sit
701 515 878 553 caussa,
910 512 1035 553 atque
1058 503 1264 554 plurimos
1284 511 1398 542 extra

193 593 240 621 se
273 579 447 621 effectus
481 580 653 631 habeat,
696 580 776 620 hoc
813 579 981 635 quidem
1019 578 1188 620 minime
1219 579 1401 630 pertinet

193 657 245 698 ad
266 656 588 709 possibilitatem
606 687 620 707 ‚
645 655 718 697 sed
740 657 790 697 ad
810 669 1013 698 summam
1033 659 1266 711 potentiam
1282 669 1297 694 .·
1326 667 1413 710 nef

194 743 277 783 que
311 732 434 772 etiam
470 731 520 773 ad
554 731 944 783 independentiam,
978 742 1089 783 qua,
1133 732 1170 772 si
1207 742 1399 785 accurate

195 807 317 859 loqui
348 806 571 858 volumus,
602 807 683 847 hoc
718 817 847 846 unum
883 814 1124 857 spectatur,
1158 815 1203 845 ut
1236 805 1351 845 Deus
1375 816 1399 845 a

194 884 311 926 nulla
344 884 421 924 alia
455 895 496 924 re
533 883 733 936 pendeat,
766 894 852 924 non
881 890 928 922 ut
956 893 1097 922 omnes
1129 883 1231 923 aliae
1254 893 1316 922 res
1349 880 1400 922 ab

193 958 291 1011 ipso
316 959 536 1010 pendeant.
603 958 736 1011 igitur
756 960 839 1014 jam
867 968 957 1000 tota
979 958 1211 1011 disputati.)
1244 971 1267 1000 a
1297 971 1400 1014 pos-

199 1032 402 1074 sibilitate
427 1034 476 1072 ad
505 1032 861 1084 independentiam
883 1041 922 1073 et
945 1044 1148 1074 summam
1172 1035 1404 1092 potentiam

195 1107 386 1148 traducta
422 1116 514 1158 est;
559 1107 607 1147 de
645 1106 802 1158 quibus
835 1106 945 1148 infra
980 1119 1061 1149 suo
1093 1108 1189 1150 loco
1221 1121 1406 1162 expone-

195 1192 305 1222 mus.
368 1182 561 1222 Ceterum
596 1183 738 1223 eodem
770 1193 1015 1235 argumento
1044 1185 1129 1238 jam
1162 1194 1257 1226 ante
1284 1187 1404 1227 Toll-

197 1270 342 1302 nerum
370 1270 476 1300 usus
507 1267 590 1299 erat
618 1258 741 1301 Alex.
773 1255 916 1301 Gottl.
949 1259 1277 1314 Baumgartenus
1309 1263 1405 1305 Mea

195 1335 314 1389 taph.
346 1337 389 1389 §.
424 1338 493 1379 82.

515 1485 545 1529 S
603 1487 641 1529 E
700 1488 738 1530 C
798 1489 855 1530 T.
957 1490 978 1531 Ι
1007 1489 1027 1531 Ι
1054 1491 1089 1539 Ι.7

251 1640 319 1684 De
348 1641 608 1695 argumentis
637 1654 745 1697 quae
774 1640 991 1685 ducuntur
1020 1658 1072 1691 ex
1099 1644 1337 1697 [afinitate.

253 1792 402 1848 Longe
431 1795 632 1847 plurimas
665 1796 874 1848 rationes,
909 1810 1036 1850 quare
1071 1811 1159 1842 non
1194 1801 1277 1843 nisi
1311 1804 1405 1845 uni-

196 1884 274 1915 cus
299 1885 390 1914 esse
413 1873 548 1925 possit
583 1874 727 1925 Deus,
759 1874 803 1916 in
829 1876 921 1929 ejus
956 1875 1166 1918 Infinitate
1200 1881 1405 1930 reperisse

196 1949 279 1990 sibi
311 1948 390 1989 visi
435 1958 535 1990 sunt
570 1948 878 2002 Metaphysici.
950 1950 1087 2005 Supra
1129 1956 1402 2008 monuimus,

200 2023 431 2069 infinitatis
455 2024 634 2067 Divinae
653 2038 736 2067 vnn
760 2039 853 2068 esse
871 2027 1017 2081 aliam,
1048 2031 1084 2073 si
1110 2042 1159 2073 ex
1178 2033 1405 2084 Analytico

204 2112 418 2154 repetatur
462 2115 736 2157 argumento,
778 2107 930 2160 aliam,
970 2110 1008 2149 si
1052 2122 1101 2151 ex
1135 2110 1405 2163 Synthetico.

203 2177 311 2220 Nam
345 2192 476 2231 quum
508 2182 750 2234 Synthetice
776 2183 1052 2227 informemus
1076 2194 1288 2239 tamquam
1313 2188 1410 2230 effe·-

204 2265 359 2297 ctorem
398 2258 525 2311 hujus
561 2259 792 2313 Universi,
834 2262 1034 2303 efficiendi
1067 2264 1151 2305 vim
1186 2275 1312 2317 atque
1347 2266 1412 2305 inq

202 2332 470 2385 telligentiam
491 2345 644 2377 tantam
670 2336 705 2377 ei
727 2338 961 2379 tribuamus
975 2350 1145 2381 necesse
1161 2350 1252 2391 est,
1276 2353 1408 2392 quan-

204 2416 246 2450 ta
273 2418 438 2460 oportet
461 2422 551 2451 eum
581 2413 742 2464 valere,
774 2424 820 2453 ut
855 2414 936 2455 hoc
976 2413 1233 2459 Universum
1260 2417 1405 2458 effice-

204 2481 274 2530 tit.
334 2483 454 2540 Quae
488 2487 549 2530 vis
581 2488 943 2545 intelligentiaque
963 2490 1155 2544 profecto
1176 2501 1290 2535 tanta
1314 2501 1407 2547 cst,

824 2565 894 2611 Ff
920 2579 942 2622 g
1280 2580 1411 2624 quana
