<?xml version="1.0" encoding="UTF-8"?>
<!DOCTYPE html PUBLIC "-//W3C//DTD XHTML 1.0 Transitional//EN"
    "http://www.w3.org/TR/xhtml1/DTD/xhtml1-transitional.dtd">
<html xmlns="http://www.w3.org/1999/xhtml" xml:lang="en" lang="en">
 <head>
  <title>
</title>
<meta http-equiv="Content-Type" content="text/html;charset=utf-8" />
  <meta name='ocr-system' content='tesseract 3.04.00' />
  <meta name='ocr-capabilities' content='ocr_page ocr_carea ocr_par ocr_line ocrx_word'/>
</head>
<body>
  <div class='ocr_page' id='page_1' title='image "./opusculavariiarg02wytt/opusculavariiarg02wytt_0371.png"; bbox 0 0 1693 3110; ppageno 0'>
   <div class='ocr_carea' id='block_1_1' title="bbox 457 193 1399 254">
    <p class='ocr_par' dir='ltr' id='par_1_1' title="bbox 457 193 1399 254">
     <span class='ocr_line' id='line_1_1' title="bbox 457 193 1399 254; baseline -0.003 -11"><span class='ocrx_word' id='word_1_1' title='bbox 457 193 1114 249; x_wconf 63' lang='lat' dir='ltr'>PARENTALIAs</span> <span class='ocrx_word' id='word_1_2' title='bbox 1310 205 1399 254; x_wconf 68' lang='lat'>355</span> 
     </span>
    </p>
   </div>
   <div class='ocr_carea' id='block_1_2' title="bbox 151 309 1394 2656">
    <p class='ocr_par' dir='ltr' id='par_1_2' title="bbox 151 309 1394 2591">
     <span class='ocr_line' id='line_1_2' title="bbox 171 309 1388 377; baseline -0.007 -10"><span class='ocrx_word' id='word_1_3' title='bbox 171 309 351 367; x_wconf 64' lang='lat' dir='ltr'>Latinae</span> <span class='ocrx_word' id='word_1_4' title='bbox 388 322 555 377; x_wconf 79' lang='lat' dir='ltr'>linguae</span> <span class='ocrx_word' id='word_1_5' title='bbox 594 320 767 364; x_wconf 90' lang='lat' dir='ltr'>modum</span> <span class='ocrx_word' id='word_1_6' title='bbox 808 317 1180 372; x_wconf 85' lang='lat' dir='ltr'>consequendum,</span> <span class='ocrx_word' id='word_1_7' title='bbox 1209 326 1259 359; x_wconf 91' lang='lat' dir='ltr'>ut</span> <span class='ocrx_word' id='word_1_8' title='bbox 1288 316 1388 359; x_wconf 88' lang='lat' dir='ltr'>Pro-</span> 
     </span>
     <span class='ocr_line' id='line_1_3' title="bbox 174 394 1390 451; baseline -0.006 -9"><span class='ocrx_word' id='word_1_9' title='bbox 174 399 390 443; x_wconf 72' lang='lat' dir='ltr'>fessor-um</span> <span class='ocrx_word' id='word_1_10' title='bbox 431 398 598 441; x_wconf 80' lang='lat' dir='ltr'>schoias</span> <span class='ocrx_word' id='word_1_11' title='bbox 635 410 730 439; x_wconf 85' lang='lat' dir='ltr'>cum</span> <span class='ocrx_word' id='word_1_12' title='bbox 756 396 1055 451; x_wconf 81' lang='lat' dir='ltr'>intelligentiae</span> <span class='ocrx_word' id='word_1_13' title='bbox 1083 394 1227 437; x_wconf 87' lang='lat' dir='ltr'>fructu</span> <span class='ocrx_word' id='word_1_14' title='bbox 1248 394 1390 437; x_wconf 85' lang='lat' dir='ltr'>audire</span> 
     </span>
     <span class='ocr_line' id='line_1_4' title="bbox 172 471 1390 531; baseline -0.007 -12"><span class='ocrx_word' id='word_1_15' title='bbox 172 487 351 531; x_wconf 89' lang='lat' dir='ltr'>posset;</span> <span class='ocrx_word' id='word_1_16' title='bbox 385 480 475 517; x_wconf 85' lang='lat' dir='ltr'>tum</span> <span class='ocrx_word' id='word_1_17' title='bbox 509 476 560 517; x_wconf 84' lang='lat' dir='ltr'>ad</span> <span class='ocrx_word' id='word_1_18' title='bbox 596 473 715 516; x_wconf 89' lang='lat' dir='ltr'>initia</span> <span class='ocrx_word' id='word_1_19' title='bbox 744 471 1069 526; x_wconf 84' lang='lat' dir='ltr'>philosophiae,</span> <span class='ocrx_word' id='word_1_20' title='bbox 1101 471 1390 513; x_wconf 84' lang='lat' dir='ltr'>mathematica</span> 
     </span>
     <span class='ocr_line' id='line_1_5' title="bbox 170 547 1392 606; baseline -0.005 -11"><span class='ocrx_word' id='word_1_21' title='bbox 170 564 212 595; x_wconf 93' lang='lat' dir='ltr'>et</span> <span class='ocrx_word' id='word_1_22' title='bbox 234 554 436 606; x_wconf 84' lang='lat' dir='ltr'>physica,</span> <span class='ocrx_word' id='word_1_23' title='bbox 470 563 558 592; x_wconf 89' lang='lat' dir='ltr'>tum</span> <span class='ocrx_word' id='word_1_24' title='bbox 584 563 684 593; x_wconf 88' lang='lat' dir='ltr'>vero</span> <span class='ocrx_word' id='word_1_25' title='bbox 708 552 759 592; x_wconf 91' lang='lat' dir='ltr'>ad</span> <span class='ocrx_word' id='word_1_26' title='bbox 788 549 937 604; x_wconf 81' lang='lat' dir='ltr'>J&#39;udicii</span> <span class='ocrx_word' id='word_1_27' title='bbox 965 547 1223 603; x_wconf 83' lang='lat' dir='ltr'>diligentiam</span> <span class='ocrx_word' id='word_1_28' title='bbox 1249 557 1289 590; x_wconf 91' lang='lat' dir='ltr'>et</span> <span class='ocrx_word' id='word_1_29' title='bbox 1313 547 1392 590; x_wconf 83' lang='lat' dir='ltr'>ob-</span> 
     </span>
     <span class='ocr_line' id='line_1_6' title="bbox 169 623 1390 680; baseline -0.005 -9"><span class='ocrx_word' id='word_1_30' title='bbox 169 628 452 672; x_wconf 74' lang='lat' dir='ltr'>servationem</span> <span class='ocrx_word' id='word_1_31' title='bbox 472 639 658 669; x_wconf 87' lang='lat' dir='ltr'>errorum</span> <span class='ocrx_word' id='word_1_32' title='bbox 683 625 802 680; x_wconf 82' lang='lat' dir='ltr'>vulgi</span> <span class='ocrx_word' id='word_1_33' title='bbox 829 627 868 667; x_wconf 83' lang='lat' dir='ltr'>et</span> <span class='ocrx_word' id='word_1_34' title='bbox 886 627 997 668; x_wconf 90' lang='lat' dir='ltr'>vitae</span> <span class='ocrx_word' id='word_1_35' title='bbox 1010 625 1266 667; x_wconf 87' lang='lat' dir='ltr'>communis.</span> <span class='ocrx_word' id='word_1_36' title='bbox 1304 623 1390 665; x_wconf 89' lang='lat' dir='ltr'>Ve-</span> 
     </span>
     <span class='ocr_line' id='line_1_7' title="bbox 170 697 1394 762; baseline -0.007 -12"><span class='ocrx_word' id='word_1_37' title='bbox 170 708 237 751; x_wconf 81' lang='lat' dir='ltr'>nit</span> <span class='ocrx_word' id='word_1_38' title='bbox 264 707 314 747; x_wconf 91' lang='lat' dir='ltr'>ad</span> <span class='ocrx_word' id='word_1_39' title='bbox 348 717 429 747; x_wconf 87' lang='lat' dir='ltr'>nos</span> <span class='ocrx_word' id='word_1_40' title='bbox 462 704 636 747; x_wconf 87' lang='lat' dir='ltr'>Leidam</span> <span class='ocrx_word' id='word_1_41' title='bbox 676 716 717 745; x_wconf 87' lang='lat' dir='ltr'>a.</span> <span class='ocrx_word' id='word_1_42' title='bbox 750 714 1001 754; x_wconf 81' lang='lat' dir='ltr'>MDcccxr,</span> <span class='ocrx_word' id='word_1_43' title='bbox 1032 697 1394 762; x_wconf 83' lang='lat' dir='ltr'>Jurisprudentiae</span> 
     </span>
     <span class='ocr_line' id='line_1_8' title="bbox 175 778 1390 839; baseline -0.007 -10"><span class='ocrx_word' id='word_1_44' title='bbox 175 785 224 829; x_wconf 79' lang='lat' dir='ltr'>&#39;se</span> <span class='ocrx_word' id='word_1_45' title='bbox 250 786 452 839; x_wconf 73' lang='lat' dir='ltr'>daturu5‚</span> <span class='ocrx_word' id='word_1_46' title='bbox 487 793 528 826; x_wconf 92' lang='lat' dir='ltr'>et</span> <span class='ocrx_word' id='word_1_47' title='bbox 560 783 729 826; x_wconf 82' lang='lat' dir='ltr'>scholas</span> <span class='ocrx_word' id='word_1_48' title='bbox 752 782 1018 825; x_wconf 84' lang='lat' dir='ltr'>adhibiturus</span> <span class='ocrx_word' id='word_1_49' title='bbox 1041 791 1180 822; x_wconf 89' lang='lat' dir='ltr'>earum</span> <span class='ocrx_word' id='word_1_50' title='bbox 1207 778 1390 831; x_wconf 88' lang='lat' dir='ltr'>artium,</span> 
     </span>
     <span class='ocr_line' id='line_1_9' title="bbox 168 854 1393 916; baseline -0.005 -11"><span class='ocrx_word' id='word_1_51' title='bbox 168 874 278 915; x_wconf 80' lang='lat' dir='ltr'>quas</span> <span class='ocrx_word' id='word_1_52' title='bbox 313 863 425 916; x_wconf 87' lang='lat' dir='ltr'>apud</span> <span class='ocrx_word' id='word_1_53' title='bbox 466 862 651 916; x_wconf 87' lang='lat' dir='ltr'>priorem</span> <span class='ocrx_word' id='word_1_54' title='bbox 693 860 941 914; x_wconf 86' lang='lat' dir='ltr'>magistrum</span> <span class='ocrx_word' id='word_1_55' title='bbox 975 854 1204 907; x_wconf 84' lang='lat' dir='ltr'>didicerat,</span> <span class='ocrx_word' id='word_1_56' title='bbox 1257 855 1393 909; x_wconf 84' lang='lat' dir='ltr'>patria</span> 
     </span>
     <span class='ocr_line' id='line_1_10' title="bbox 165 934 1391 992; baseline -0.007 -12"><span class='ocrx_word' id='word_1_57' title='bbox 165 939 335 991; x_wconf 70' lang='lat' dir='ltr'>&#39;quidem</span> <span class='ocrx_word' id='word_1_58' title='bbox 363 939 446 992; x_wconf 88' lang='lat' dir='ltr'>jam</span> <span class='ocrx_word' id='word_1_59' title='bbox 482 938 525 981; x_wconf 89' lang='lat' dir='ltr'>in</span> <span class='ocrx_word' id='word_1_60' title='bbox 562 937 802 980; x_wconf 88' lang='lat' dir='ltr'>Francicam</span> <span class='ocrx_word' id='word_1_61' title='bbox 840 935 1104 990; x_wconf 88' lang='lat' dir='ltr'>provinciam</span> <span class='ocrx_word' id='word_1_62' title='bbox 1130 934 1315 984; x_wconf 87' lang='lat' dir='ltr'>redacta,</span> <span class='ocrx_word' id='word_1_63' title='bbox 1347 940 1391 973; x_wconf 87' lang='lat' dir='ltr'>at</span> 
     </span>
     <span class='ocr_line' id='line_1_11' title="bbox 163 1009 1389 1066; baseline -0.004 -10"><span class='ocrx_word' id='word_1_64' title='bbox 163 1012 210 1056; x_wconf 81' lang='lat' dir='ltr'>in</span> <span class='ocrx_word' id='word_1_65' title='bbox 256 1014 495 1057; x_wconf 86' lang='lat' dir='ltr'>Academiis</span> <span class='ocrx_word' id='word_1_66' title='bbox 548 1009 685 1056; x_wconf 87' lang='lat' dir='ltr'>adhuc</span> <span class='ocrx_word' id='word_1_67' title='bbox 721 1024 858 1056; x_wconf 89' lang='lat' dir='ltr'>vetere</span> <span class='ocrx_word' id='word_1_68' title='bbox 892 1025 1008 1056; x_wconf 87' lang='lat' dir='ltr'>more</span> <span class='ocrx_word' id='word_1_69' title='bbox 1039 1021 1219 1055; x_wconf 81' lang='lat' dir='ltr'>retento.</span> <span class='ocrx_word' id='word_1_70' title='bbox 1289 1009 1389 1066; x_wconf 88' lang='lat' dir='ltr'>Quo</span> 
     </span>
     <span class='ocr_line' id='line_1_12' title="bbox 164 1084 1393 1144; baseline -0.004 -12"><span class='ocrx_word' id='word_1_71' title='bbox 164 1088 264 1132; x_wconf 88' lang='lat' dir='ltr'>item</span> <span class='ocrx_word' id='word_1_72' title='bbox 288 1090 369 1131; x_wconf 92' lang='lat' dir='ltr'>sub</span> <span class='ocrx_word' id='word_1_73' title='bbox 399 1090 583 1144; x_wconf 80' lang='lat' dir='ltr'>proximi</span> <span class='ocrx_word' id='word_1_74' title='bbox 610 1090 707 1132; x_wconf 87' lang='lat' dir='ltr'>anni</span> <span class='ocrx_word' id='word_1_75' title='bbox 729 1089 853 1132; x_wconf 88' lang='lat' dir='ltr'>finem</span> <span class='ocrx_word' id='word_1_76' title='bbox 879 1088 1110 1142; x_wconf 86' lang='lat' dir='ltr'>abrogato,</span> <span class='ocrx_word' id='word_1_77' title='bbox 1141 1096 1182 1128; x_wconf 88' lang='lat' dir='ltr'>et</span> <span class='ocrx_word' id='word_1_78' title='bbox 1210 1084 1393 1128; x_wconf 82' lang='lat' dir='ltr'>Univer-</span> 
     </span>
     <span class='ocr_line' id='line_1_13' title="bbox 162 1163 1385 1218; baseline -0.003 -10"><span class='ocrx_word' id='word_1_79' title='bbox 162 1165 305 1209; x_wconf 74' lang='lat' dir='ltr'>sitatis</span> <span class='ocrx_word' id='word_1_80' title='bbox 336 1165 588 1210; x_wconf 79' lang='lat' dir='ltr'>parisiensis</span> <span class='ocrx_word' id='word_1_81' title='bbox 625 1167 890 1209; x_wconf 90' lang='lat' dir='ltr'>ordinatione</span> <span class='ocrx_word' id='word_1_82' title='bbox 914 1166 1028 1218; x_wconf 89' lang='lat' dir='ltr'>apud</span> <span class='ocrx_word' id='word_1_83' title='bbox 1059 1176 1141 1206; x_wconf 93' lang='lat' dir='ltr'>nos</span> <span class='ocrx_word' id='word_1_84' title='bbox 1173 1163 1385 1206; x_wconf 75' lang='lat' dir='ltr'>constitu-</span> 
     </span>
     <span class='ocr_line' id='line_1_14' title="bbox 161 1239 1387 1295; baseline -0.001 -12"><span class='ocrx_word' id='word_1_85' title='bbox 161 1239 235 1293; x_wconf 67' lang='lat' dir='ltr'>ta,</span> <span class='ocrx_word' id='word_1_86' title='bbox 267 1242 467 1295; x_wconf 87' lang='lat' dir='ltr'>discipuli</span> <span class='ocrx_word' id='word_1_87' title='bbox 493 1243 686 1295; x_wconf 86' lang='lat' dir='ltr'>plerique</span> <span class='ocrx_word' id='word_1_88' title='bbox 724 1247 903 1285; x_wconf 82' lang='lat' dir='ltr'>veterem</span> <span class='ocrx_word' id='word_1_89' title='bbox 941 1241 1179 1284; x_wconf 85' lang='lat' dir='ltr'>studiorum</span> <span class='ocrx_word' id='word_1_90' title='bbox 1211 1250 1387 1282; x_wconf 87' lang='lat' dir='ltr'>cursum</span> 
     </span>
     <span class='ocr_line' id='line_1_15' title="bbox 160 1316 1386 1374; baseline 0 -15"><span class='ocrx_word' id='word_1_91' title='bbox 160 1318 322 1360; x_wconf 83' lang='lat' dir='ltr'>&#39;mutare</span> <span class='ocrx_word' id='word_1_92' title='bbox 350 1319 488 1361; x_wconf 85' lang='lat' dir='ltr'>coacti</span> <span class='ocrx_word' id='word_1_93' title='bbox 520 1327 640 1362; x_wconf 82' lang='lat' dir='ltr'>sunt.</span> <span class='ocrx_word' id='word_1_94' title='bbox 699 1316 763 1362; x_wconf 90' lang='lat' dir='ltr'>Ita</span> <span class='ocrx_word' id='word_1_95' title='bbox 791 1330 831 1362; x_wconf 90' lang='lat' dir='ltr'>et</span> <span class='ocrx_word' id='word_1_96' title='bbox 855 1320 980 1374; x_wconf 89' lang='lat' dir='ltr'>ipse,</span> <span class='ocrx_word' id='word_1_97' title='bbox 1013 1319 1090 1371; x_wconf 90' lang='lat' dir='ltr'>qui</span> <span class='ocrx_word' id='word_1_98' title='bbox 1114 1317 1250 1371; x_wconf 89' lang='lat' dir='ltr'>primo</span> <span class='ocrx_word' id='word_1_99' title='bbox 1272 1328 1386 1360; x_wconf 88' lang='lat' dir='ltr'>anno</span> 
     </span>
     <span class='ocr_line' id='line_1_16' title="bbox 158 1381 1390 1446; baseline 0.001 -12"><span class='ocrx_word' id='word_1_100' title='bbox 158 1395 273 1446; x_wconf 77' lang='lat' dir='ltr'>&#39;apud</span> <span class='ocrx_word' id='word_1_101' title='bbox 303 1405 384 1436; x_wconf 91' lang='lat' dir='ltr'>nos</span> <span class='ocrx_word' id='word_1_102' title='bbox 410 1388 571 1437; x_wconf 83' lang='lat' dir='ltr'>scholis</span> <span class='ocrx_word' id='word_1_103' title='bbox 607 1396 658 1438; x_wconf 92' lang='lat' dir='ltr'>de</span> <span class='ocrx_word' id='word_1_104' title='bbox 684 1395 874 1438; x_wconf 83' lang='lat' dir='ltr'>Historia</span> <span class='ocrx_word' id='word_1_105' title='bbox 900 1381 1171 1446; x_wconf 85' lang='lat' dir='ltr'>Universali,</span> <span class='ocrx_word' id='word_1_106' title='bbox 1202 1403 1242 1436; x_wconf 94' lang='lat' dir='ltr'>et</span> <span class='ocrx_word' id='word_1_107' title='bbox 1265 1393 1390 1436; x_wconf 88' lang='lat' dir='ltr'>Anti·</span> 
     </span>
     <span class='ocr_line' id='line_1_17' title="bbox 163 1468 1388 1524; baseline 0.002 -16"><span class='ocrx_word' id='word_1_108' title='bbox 163 1468 400 1520; x_wconf 75' lang='lat' dir='ltr'>‘quitatibus</span> <span class='ocrx_word' id='word_1_109' title='bbox 437 1470 646 1513; x_wconf 88' lang='lat' dir='ltr'>Romanis</span> <span class='ocrx_word' id='word_1_110' title='bbox 695 1473 863 1524; x_wconf 84' lang='lat' dir='ltr'>operam</span> <span class='ocrx_word' id='word_1_111' title='bbox 904 1470 1097 1521; x_wconf 81' lang='lat' dir='ltr'>dederat,</span> <span class='ocrx_word' id='word_1_112' title='bbox 1136 1471 1220 1524; x_wconf 83' lang='lat' dir='ltr'>jam</span> <span class='ocrx_word' id='word_1_113' title='bbox 1264 1481 1388 1511; x_wconf 87' lang='lat' dir='ltr'>omne</span> 
     </span>
     <span class='ocr_line' id='line_1_18' title="bbox 167 1543 1389 1598; baseline 0.002 -13"><span class='ocrx_word' id='word_1_114' title='bbox 167 1555 292 1586; x_wconf 80' lang='lat' dir='ltr'>suum</span> <span class='ocrx_word' id='word_1_115' title='bbox 333 1555 500 1597; x_wconf 87' lang='lat' dir='ltr'>tempus</span> <span class='ocrx_word' id='word_1_116' title='bbox 532 1544 899 1598; x_wconf 86' lang='lat' dir='ltr'>Jurisprudentiae</span> <span class='ocrx_word' id='word_1_117' title='bbox 930 1544 1158 1587; x_wconf 87' lang='lat' dir='ltr'>tribuebat.</span> <span class='ocrx_word' id='word_1_118' title='bbox 1227 1543 1389 1587; x_wconf 75' lang='lat' dir='ltr'>Interea</span> 
     </span>
     <span class='ocr_line' id='line_1_19' title="bbox 160 1615 1387 1674; baseline 0.002 -13"><span class='ocrx_word' id='word_1_119' title='bbox 160 1620 277 1674; x_wconf 78' lang='lat' dir='ltr'>peric</span> <span class='ocrx_word' id='word_1_120' title='bbox 287 1621 400 1661; x_wconf 88' lang='lat' dir='ltr'>ulum</span> <span class='ocrx_word' id='word_1_121' title='bbox 426 1619 669 1662; x_wconf 85' lang='lat' dir='ltr'>subeundae</span> <span class='ocrx_word' id='word_1_122' title='bbox 690 1615 863 1662; x_wconf 88' lang='lat' dir='ltr'>militiae</span> <span class='ocrx_word' id='word_1_123' title='bbox 883 1620 1069 1662; x_wconf 88' lang='lat' dir='ltr'>satellitii</span> <span class='ocrx_word' id='word_1_124' title='bbox 1089 1620 1301 1663; x_wconf 83' lang='lat' dir='ltr'>honorarii</span> <span class='ocrx_word' id='word_1_125' title='bbox 1321 1633 1387 1663; x_wconf 87' lang='lat' dir='ltr'>ae-</span> 
     </span>
     <span class='ocr_line' id='line_1_20' title="bbox 158 1695 1388 1752; baseline 0.001 -14"><span class='ocrx_word' id='word_1_126' title='bbox 158 1710 256 1752; x_wconf 83' lang='lat' dir='ltr'>gre,</span> <span class='ocrx_word' id='word_1_127' title='bbox 289 1708 363 1738; x_wconf 85' lang='lat' dir='ltr'>nec</span> <span class='ocrx_word' id='word_1_128' title='bbox 401 1697 484 1739; x_wconf 81' lang='lat' dir='ltr'>nisi</span> <span class='ocrx_word' id='word_1_129' title='bbox 528 1698 741 1749; x_wconf 84' lang='lat' dir='ltr'>insperato</span> <span class='ocrx_word' id='word_1_130' title='bbox 776 1695 922 1739; x_wconf 87' lang='lat' dir='ltr'>favore</span> <span class='ocrx_word' id='word_1_131' title='bbox 949 1706 988 1739; x_wconf 90' lang='lat' dir='ltr'>et</span> <span class='ocrx_word' id='word_1_132' title='bbox 1019 1705 1258 1738; x_wconf 88' lang='lat' dir='ltr'>commento</span> <span class='ocrx_word' id='word_1_133' title='bbox 1282 1707 1388 1739; x_wconf 89' lang='lat' dir='ltr'>con·</span> 
     </span>
     <span class='ocr_line' id='line_1_21' title="bbox 158 1771 1386 1826; baseline -0.004 -11"><span class='ocrx_word' id='word_1_134' title='bbox 158 1772 411 1825; x_wconf 86' lang='lat' dir='ltr'>scriptoris,</span> <span class='ocrx_word' id='word_1_135' title='bbox 454 1771 632 1825; x_wconf 82' lang='lat' dir='ltr'>effugit3</span> <span class='ocrx_word' id='word_1_136' title='bbox 676 1771 726 1813; x_wconf 89' lang='lat' dir='ltr'>ad</span> <span class='ocrx_word' id='word_1_137' title='bbox 760 1784 884 1824; x_wconf 90' lang='lat' dir='ltr'>quam</span> <span class='ocrx_word' id='word_1_138' title='bbox 921 1783 971 1813; x_wconf 88' lang='lat' dir='ltr'>eo</span> <span class='ocrx_word' id='word_1_139' title='bbox 1002 1771 1138 1826; x_wconf 85' lang='lat' dir='ltr'>magis</span> <span class='ocrx_word' id='word_1_140' title='bbox 1174 1771 1386 1824; x_wconf 80' lang='lat' dir='ltr'>deligeba-</span> 
     </span>
     <span class='ocr_line' id='line_1_22' title="bbox 159 1846 1383 1901; baseline -0.003 -9"><span class='ocrx_word' id='word_1_141' title='bbox 159 1858 257 1901; x_wconf 85' lang='lat' dir='ltr'>tur,</span> <span class='ocrx_word' id='word_1_142' title='bbox 290 1849 407 1901; x_wconf 90' lang='lat' dir='ltr'>quod</span> <span class='ocrx_word' id='word_1_143' title='bbox 429 1849 580 1891; x_wconf 89' lang='lat' dir='ltr'>robore</span> <span class='ocrx_word' id='word_1_144' title='bbox 606 1858 645 1889; x_wconf 90' lang='lat' dir='ltr'>et</span> <span class='ocrx_word' id='word_1_145' title='bbox 671 1856 832 1890; x_wconf 86' lang='lat' dir='ltr'>statura</span> <span class='ocrx_word' id='word_1_146' title='bbox 858 1847 1237 1890; x_wconf 77' lang='lat' dir='ltr'>commendaretur.</span> <span class='ocrx_word' id='word_1_147' title='bbox 1278 1846 1383 1888; x_wconf 84' lang='lat' dir='ltr'>Pro·</span> 
     </span>
     <span class='ocr_line' id='line_1_23' title="bbox 152 1922 1376 1976; baseline 0.001 -11"><span class='ocrx_word' id='word_1_148' title='bbox 152 1923 269 1967; x_wconf 81' lang='lat' dir='ltr'>ximo</span> <span class='ocrx_word' id='word_1_149' title='bbox 307 1936 446 1976; x_wconf 85' lang='lat' dir='ltr'>anno,</span> <span class='ocrx_word' id='word_1_150' title='bbox 492 1923 663 1964; x_wconf 72' lang='lat' dir='ltr'>liberata</span> <span class='ocrx_word' id='word_1_151' title='bbox 704 1922 870 1976; x_wconf 70' lang='lat' dir='ltr'>patria,</span> <span class='ocrx_word' id='word_1_152' title='bbox 914 1923 1167 1975; x_wconf 88' lang='lat' dir='ltr'>interceptas</span> <span class='ocrx_word' id='word_1_153' title='bbox 1203 1923 1376 1966; x_wconf 79' lang='lat' dir='ltr'>scholas</span> 
     </span>
     <span class='ocr_line' id='line_1_24' title="bbox 152 1997 1376 2053; baseline -0.008 -9"><span class='ocrx_word' id='word_1_154' title='bbox 152 2000 374 2053; x_wconf 82' lang='lat' dir='ltr'>repetivit,</span> <span class='ocrx_word' id='word_1_155' title='bbox 405 2009 445 2041; x_wconf 87' lang='lat' dir='ltr'>et</span> <span class='ocrx_word' id='word_1_156' title='bbox 462 1997 834 2053; x_wconf 77' lang='lat' dir='ltr'>jurisprudentiae</span> <span class='ocrx_word' id='word_1_157' title='bbox 857 1997 1018 2040; x_wconf 88' lang='lat' dir='ltr'>scholis</span> <span class='ocrx_word' id='word_1_158' title='bbox 1046 1997 1197 2052; x_wconf 86' lang='lat' dir='ltr'>adjecit</span> <span class='ocrx_word' id='word_1_159' title='bbox 1216 1997 1376 2039; x_wconf 68' lang='lat' dir='ltr'>mathe-</span> 
     </span>
     <span class='ocr_line' id='line_1_25' title="bbox 154 2075 1375 2132; baseline -0.003 -9"><span class='ocrx_word' id='word_1_160' title='bbox 154 2079 328 2123; x_wconf 87' lang='lat' dir='ltr'>maticas</span> <span class='ocrx_word' id='word_1_161' title='bbox 341 2107 355 2130; x_wconf 90' lang='lat'>,</span> <span class='ocrx_word' id='word_1_162' title='bbox 372 2078 570 2132; x_wconf 84' lang='lat' dir='ltr'>physicas</span> <span class='ocrx_word' id='word_1_163' title='bbox 587 2108 602 2129; x_wconf 88' lang='lat'>,</span> <span class='ocrx_word' id='word_1_164' title='bbox 618 2077 818 2120; x_wconf 88' lang='lat' dir='ltr'>literarias</span> <span class='ocrx_word' id='word_1_165' title='bbox 835 2106 850 2127; x_wconf 89' lang='lat'>,</span> <span class='ocrx_word' id='word_1_166' title='bbox 862 2088 943 2118; x_wconf 86' lang='lat' dir='ltr'>nos</span> <span class='ocrx_word' id='word_1_167' title='bbox 965 2087 1139 2129; x_wconf 89' lang='lat' dir='ltr'>quoque</span> <span class='ocrx_word' id='word_1_168' title='bbox 1152 2075 1375 2119; x_wconf 82' lang='lat' dir='ltr'>Ciceronis</span> 
     </span>
     <span class='ocr_line' id='line_1_26' title="bbox 158 2149 1381 2211; baseline -0.003 -11"><span class='ocrx_word' id='word_1_169' title='bbox 158 2171 270 2211; x_wconf 89' lang='lat' dir='ltr'>opus</span> <span class='ocrx_word' id='word_1_170' title='bbox 291 2158 341 2199; x_wconf 91' lang='lat' dir='ltr'>de</span> <span class='ocrx_word' id='word_1_171' title='bbox 362 2156 540 2199; x_wconf 89' lang='lat' dir='ltr'>Finibus</span> <span class='ocrx_word' id='word_1_172' title='bbox 556 2157 874 2210; x_wconf 84' lang='lat' dir='ltr'>interpretantes</span> <span class='ocrx_word' id='word_1_173' title='bbox 895 2153 1057 2197; x_wconf 88' lang='lat' dir='ltr'>audivit</span> <span class='ocrx_word' id='word_1_174' title='bbox 1075 2185 1090 2207; x_wconf 89' lang='lat'>,</span> <span class='ocrx_word' id='word_1_175' title='bbox 1106 2161 1148 2195; x_wconf 86' lang='lat' dir='ltr'>et</span> <span class='ocrx_word' id='word_1_176' title='bbox 1170 2166 1215 2195; x_wconf 89' lang='lat' dir='ltr'>se</span> <span class='ocrx_word' id='word_1_177' title='bbox 1237 2149 1381 2207; x_wconf 81' lang='lat' dir='ltr'>propi-</span> 
     </span>
     <span class='ocr_line' id='line_1_27' title="bbox 156 2230 1380 2288; baseline -0.003 -11"><span class='ocrx_word' id='word_1_178' title='bbox 156 2247 211 2278; x_wconf 91' lang='lat' dir='ltr'>us</span> <span class='ocrx_word' id='word_1_179' title='bbox 233 2235 281 2276; x_wconf 89' lang='lat' dir='ltr'>ad</span> <span class='ocrx_word' id='word_1_180' title='bbox 298 2247 377 2277; x_wconf 91' lang='lat' dir='ltr'>nos</span> <span class='ocrx_word' id='word_1_181' title='bbox 395 2234 629 2288; x_wconf 87' lang='lat' dir='ltr'>applicuit,</span> <span class='ocrx_word' id='word_1_182' title='bbox 649 2233 748 2276; x_wconf 91' lang='lat' dir='ltr'>stilo</span> <span class='ocrx_word' id='word_1_183' title='bbox 767 2232 997 2274; x_wconf 83' lang='lat' dir='ltr'>exercendo</span> <span class='ocrx_word' id='word_1_184' title='bbox 1015 2230 1288 2284; x_wconf 85' lang='lat' dir='ltr'>paraphrases</span> <span class='ocrx_word' id='word_1_185' title='bbox 1310 2243 1380 2273; x_wconf 78' lang='lat' dir='ltr'>ca·</span> 
     </span>
     <span class='ocr_line' id='line_1_28' title="bbox 157 2307 1385 2366; baseline -0.003 -15"><span class='ocrx_word' id='word_1_186' title='bbox 157 2310 296 2366; x_wconf 89' lang='lat' dir='ltr'>pitum</span> <span class='ocrx_word' id='word_1_187' title='bbox 341 2309 458 2351; x_wconf 90' lang='lat' dir='ltr'>illius</span> <span class='ocrx_word' id='word_1_188' title='bbox 492 2310 633 2364; x_wconf 91' lang='lat' dir='ltr'>operis</span> <span class='ocrx_word' id='word_1_189' title='bbox 677 2308 949 2362; x_wconf 90' lang='lat' dir='ltr'>scriptitans,</span> <span class='ocrx_word' id='word_1_190' title='bbox 988 2319 1142 2360; x_wconf 90' lang='lat' dir='ltr'>easque</span> <span class='ocrx_word' id='word_1_191' title='bbox 1174 2307 1385 2362; x_wconf 82' lang='lat' dir='ltr'>dijudica.</span> 
     </span>
     <span class='ocr_line' id='line_1_29' title="bbox 151 2385 1387 2440; baseline 0.001 -13"><span class='ocrx_word' id='word_1_192' title='bbox 151 2393 243 2427; x_wconf 89' lang='lat' dir='ltr'>tum</span> <span class='ocrx_word' id='word_1_193' title='bbox 266 2398 313 2428; x_wconf 91' lang='lat' dir='ltr'>ac</span> <span class='ocrx_word' id='word_1_194' title='bbox 338 2386 562 2437; x_wconf 87' lang='lat' dir='ltr'>probatum</span> <span class='ocrx_word' id='word_1_195' title='bbox 588 2385 785 2440; x_wconf 84' lang='lat' dir='ltr'>privatim</span> <span class='ocrx_word' id='word_1_196' title='bbox 824 2387 876 2428; x_wconf 90' lang='lat' dir='ltr'>ad</span> <span class='ocrx_word' id='word_1_197' title='bbox 901 2396 983 2427; x_wconf 86' lang='lat' dir='ltr'>nos</span> <span class='ocrx_word' id='word_1_198' title='bbox 1016 2385 1228 2428; x_wconf 84' lang='lat' dir='ltr'>ventitans</span> <span class='ocrx_word' id='word_1_199' title='bbox 1244 2413 1260 2439; x_wconf 86' lang='lat'>‚</span> <span class='ocrx_word' id='word_1_200' title='bbox 1299 2398 1387 2428; x_wconf 86' lang='lat' dir='ltr'>ma·</span> 
     </span>
     <span class='ocr_line' id='line_1_30' title="bbox 156 2459 1380 2518; baseline -0.004 -13"><span class='ocrx_word' id='word_1_201' title='bbox 156 2474 365 2518; x_wconf 86' lang='lat' dir='ltr'>gnamque</span> <span class='ocrx_word' id='word_1_202' title='bbox 386 2474 689 2516; x_wconf 86' lang='lat' dir='ltr'>progressuum</span> <span class='ocrx_word' id='word_1_203' title='bbox 717 2474 834 2515; x_wconf 89' lang='lat' dir='ltr'>spem</span> <span class='ocrx_word' id='word_1_204' title='bbox 861 2460 1071 2503; x_wconf 75' lang='lat' dir='ltr'>adFerens.</span> <span class='ocrx_word' id='word_1_205' title='bbox 1111 2459 1231 2516; x_wconf 91' lang='lat' dir='ltr'>Quae</span> <span class='ocrx_word' id='word_1_206' title='bbox 1250 2472 1380 2513; x_wconf 84' lang='lat' dir='ltr'>spes,</span> 
     </span>
     <span class='ocr_line' id='line_1_31' title="bbox 153 2535 1386 2591; baseline -0.003 -9"><span class='ocrx_word' id='word_1_207' title='bbox 153 2537 269 2583; x_wconf 76' lang='lat' dir='ltr'>heu!</span> <span class='ocrx_word' id='word_1_208' title='bbox 304 2538 444 2580; x_wconf 89' lang='lat' dir='ltr'>brevis</span> <span class='ocrx_word' id='word_1_209' title='bbox 470 2547 511 2581; x_wconf 89' lang='lat' dir='ltr'>et</span> <span class='ocrx_word' id='word_1_210' title='bbox 541 2550 646 2583; x_wconf 87' lang='lat' dir='ltr'>vana</span> <span class='ocrx_word' id='word_1_211' title='bbox 679 2538 781 2580; x_wconf 87' lang='lat' dir='ltr'>fuit.</span> <span class='ocrx_word' id='word_1_212' title='bbox 842 2535 952 2577; x_wconf 87' lang='lat' dir='ltr'>Nam</span> <span class='ocrx_word' id='word_1_213' title='bbox 976 2547 1109 2591; x_wconf 87' lang='lat' dir='ltr'>quum</span> <span class='ocrx_word' id='word_1_214' title='bbox 1134 2540 1201 2579; x_wconf 89' lang='lat' dir='ltr'>tot</span> <span class='ocrx_word' id='word_1_215' title='bbox 1222 2535 1386 2579; x_wconf 79' lang='lat' dir='ltr'>scholis</span> 
     </span>
    </p>

    <p class='ocr_par' dir='ltr' id='par_1_3' title="bbox 820 2611 1392 2656">
     <span class='ocr_line' id='line_1_32' title="bbox 820 2611 1392 2656; baseline -0.003 0"><span class='ocrx_word' id='word_1_216' title='bbox 820 2611 860 2656; x_wconf 86' lang='lat' dir='ltr'><strong><em>Z</em></strong></span> <span class='ocrx_word' id='word_1_217' title='bbox 889 2624 917 2654; x_wconf 83' lang='lat'><em>2</em></span> <span class='ocrx_word' id='word_1_218' title='bbox 1321 2621 1392 2654; x_wconf 73' lang='lat' dir='ltr'>as·</span> 
     </span>
    </p>
   </div>
  </div>
 </body>
</html>
