1693 3110
329 371 1220 457 PARENTAle

166 665 226 713 tx.
263 655 417 696 msc.
459 654 663 693 DOCTR.
706 651 763 693 L.
794 655 882 693 111.
922 658 1048 712 pag.
1083 657 1217 714 209,
1261 660 1386 721 sqqg

173 1063 328 1164 Age
375 1120 474 1152 vero
494 1141 508 1162 ,
560 1110 824 1154 novissimos
872 1112 1105 1155 amicorum
1153 1123 1399 1160 nostrorum

179 1198 321 1229 manes
338 1187 556 1233 salutando
579 1200 823 1229 veneremur
840 1188 850 1229 ἰ
877 1188 1027 1233 Incidit
1049 1190 1158 1232 enim
1175 1192 1255 1233 hoc
1272 1222 1286 1243 ‚
1303 1205 1403 1245 pro-

178 1262 337 1305 XImum
367 1262 417 1303 ab
443 1263 557 1304 edito
583 1264 770 1305 secundo
798 1265 1102 1307 Philomathiae
1125 1267 1264 1320 libro,
1291 1269 1408 1310 bien-

177 1339 296 1382 nium
321 1351 422 1381 sane
450 1337 669 1381 funestum
706 1351 747 1381 et
783 1340 984 1392 frequens
1022 1343 1232 1385 mortibus
1268 1345 1407 1386 homi-

179 1427 281 1457 num
322 1414 460 1456 nostri
499 1414 760 1465 amantium,
791 1413 1119 1467 Literarumque
1155 1418 1301 1459 studio
1332 1430 1411 1459 no-

182 1490 251 1533 bis
274 1488 605 1544 conjunctorum
622 1518 637 1539 ,
669 1489 903 1529 multorum
920 1518 935 1539 ,
968 1489 1069 1529 heu!
1100 1490 1274 1531 nimium
1299 1491 1412 1532 mul-

183 1574 326 1608 torum
343 1595 359 1617 ‚
392 1576 515 1617 quam
557 1576 740 1616 quorum
765 1563 1014 1605 desiderium
1039 1574 1080 1605 et
1099 1566 1307 1620 jacturam
1333 1580 1413 1629 nof

185 1650 272 1686 stra
291 1653 371 1684 nos
396 1649 507 1682 aetas
530 1651 576 1681 ac
600 1648 786 1692 tempora
808 1639 936 1681 lenire
956 1649 995 1680 et
1018 1642 1230 1685 consolari
1253 1645 1413 1690 sinant.

186 1718 224 1760 E
252 1718 412 1770 quibus
436 1728 567 1768 quum
590 1717 737 1758 nullus
761 1727 847 1757 non
873 1715 1032 1758 meritls
1057 1717 1123 1758 vel
1150 1718 1192 1759 in
1215 1717 1416 1773 Literas,

186 1794 254 1836 vel
289 1794 332 1834 in
365 1806 479 1844 nos,
510 1792 576 1834 vel
612 1791 720 1834 alios
759 1792 949 1854 multos,
980 1793 1120 1845 Justae
1156 1781 1412 1838 laudationis¹

189 1871 398 1913 materiem
428 1869 642 1922 praebeat3
676 1881 784 1921 nos,
819 1878 858 1909 et
885 1868 1016 1910 animi
1044 1869 1190 1911 dolore
1223 1881 1263 1912 et
1291 1885 1421 1927 argu·

191 1947 318 1990 menti
351 1946 478 1998 copia
519 1946 743 1998 oppressi,
794 1956 941 1986 eorum
981 1947 1420 1994 commemorationem

191 2023 334 2076 paucis
374 2021 514 2064 verbis
551 2021 911 2072 complectemur:
946 2030 1153 2077 caeterum
1190 2023 1420 2077 cogitatio-

191 2111 242 2143 ne
265 2097 390 2140 nobis
427 2097 631 2139 humanae
660 2095 921 2140 conditionis
959 2088 1224 2153 fragilitatem
1259 2111 1421 2156 propo·

192 2183 364 2226 nentes,
398 2183 439 2214 et
464 2173 599 2226 illud,

330 2286 482 2328 Omnes
513 2285 650 2328 eodem
679 2288 900 2344 cogimur,
933 2287 1116 2331 omnium

335 2363 552 2407 Versatur
580 2378 719 2417 urna,
755 2368 892 2406 serius
921 2367 1034 2407 ocius

397 2442 499 2484 Sors
529 2445 739 2495 exitura,
773 2453 813 2484 et
843 2457 912 2485 νιος
941 2445 989 2485 in
1016 2452 1239 2487 aeternum

449 2516 665 2565 Exsilium
698 2522 952 2578 impositura
981 2520 1164 2575 cymbae.
1409 2546 1421 2550 -v

840 2598 879 2641 X
907 2607 936 2651 4
1269 2592 1430 2650 Quam·
