1693 3110
369 208 432 256 G.
473 213 527 259 L.
569 205 1084 255 WASSENAERII.
1257 214 1361 262 321·

125 334 323 391 &agemus
358 347 406 377 ac
441 332 763 387 perspiciamus.
824 330 894 372 Sic
918 329 1135 372 factitabat
1159 327 1338 371 Wasse-

125 414 320 463 metius,
353 410 482 464 probe
505 409 585 450 sibi
609 406 891 461 persuadens,
923 418 968 447 se
995 405 1055 446 sic
1079 416 1167 455 non
1192 405 1233 446 in
1259 403 1339 445 mi-

125 490 244 533 nutis
281 489 404 531 rebus
433 517 448 539 ‚
491 485 563 527 sed
600 495 735 525 rerum
774 493 1014 534 magnatum
1050 480 1337 523 fundamentis

123 565 279 606 versari
304 593 320 616 ‚
361 573 436 604 nec
471 572 562 602 esse
610 557 837 610 quidquam
875 567 1050 610 parvum
1079 586 1095 608 ,
1139 555 1257 608 quod
1290 552 1343 596 ad

125 649 323 697 magnum
347 637 469 679 finem
493 635 650 677 tendat.

186 713 350 763 Porro,
393 712 501 753 vitae
537 711 712 764 agendae
752 712 1014 752 constantem
1052 707 1237 751 ordinem
1269 705 1341 748 ad-

128 787 326 839 hibebat;
358 794 406 827 ut
428 794 564 828 totum
587 787 623 826 ei
651 796 816 838 tempus
847 786 889 827 in
919 797 1019 827 suas
1045 794 1182 837 partes
1206 782 1350 824 distri·-

128 864 310 912 butum‚
339 862 497 916 cuique
519 871 650 914 penso
675 874 720 902 ac
752 862 925 914 negotio
967 873 1043 903 sua
1067 868 1163 914 pars
1185 858 1348 901 consti-

131 949 224 982 tuta
243 947 381 990 esset3
416 949 462 980 ut
487 949 527 980 et
553 938 692 980 solitis
727 938 853 980 rebus
882 948 1049 990 tempus
1083 945 1348 989 superesset,

133 1023 212 1057 nec
245 1013 397 1055 subitis
441 1013 618 1054 deesseto
690 1014 833 1063 Atque
876 1013 952 1053 hac
988 1012 1030 1053 in
1065 1012 1348 1063 dispensando

131 1097 321 1141 tempore
344 1086 560 1141 diligentia
580 1097 620 1129 et
645 1087 766 1140 quasi
792 1089 1064 1140 oeconomia,
1091 1087 1202 1129 illud
1221 1089 1346 1130 etiam

129 1163 505 1214 consequebatur,
539 1172 586 1204 ut
611 1174 685 1204 nec
711 1173 850 1204 actum
882 1163 983 1213 quid
1006 1163 1043 1203 ei
1067 1162 1246 1214 periret,
1271 1174 1348 1204 nec

135 1238 341 1291 ‘agendum
373 1236 619 1278 elaberetur.
688 1237 833 1278 Veluti
871 1237 912 1278 in
940 1237 1123 1289 legendis
1148 1236 1346 1280 Veterum

134 1310 308 1363 scriptis
331 1311 544 1363 quidquid,
578 1311 622 1352 in
656 1310 781 1352 rebius
811 1312 875 1353 vel
922 1312 1063 1354 verbis
1088 1313 1356 1356 memorabile

135 1387 324 1440 videret,
354 1387 395 1429 id
418 1388 624 1430 continuo
644 1387 688 1430 in
712 1389 1004 1442 Adversariis,
1036 1402 1109 1442 per
1131 1391 1343 1434 literatum

141 1460 338 1504 ordinem=
365 1461 540 1514 digestis
587 1463 796 1505 scribebat
821 1492 837 1514 ‚
883 1465 992 1506 unde
1039 1471 1187 1516 postea
1228 1465 1354 1507 facile

143 1537 328 1590 quidque
352 1546 587 1590 promeret:
622 1539 659 1579 si
688 1539 791 1591 quid
817 1548 953 1580 autem
982 1540 1017 1580 ei
1042 1541 1156 1582 aliud
1183 1545 1354 1595 agenti,

145 1612 292 1655 subito
327 1613 371 1653 in
411 1622 584 1654 mentem
617 1614 802 1664 veniret.)
833 1616 869 1656 si
899 1616 1004 1667 quid
1039 1617 1160 1659 etiam
1190 1630 1240 1660 ex
1262 1618 1356 1660 aliis

145 1688 414 1731 narrantibus
455 1689 647 1741 audiret,
685 1692 885 1742 agendum
905 1721 920 1743 ,
953 1694 1265 1745 quaerendum,
1297 1695 1360 1736 in*

147 1779 349 1818 ventum,
382 1768 464 1809 hoc
493 1768 632 1809 statim
662 1768 704 1810 in
735 1769 878 1810 libello
907 1771 1130 1813 memoriali
1156 1775 1355 1823 notabat,

147 1844 296 1887 deinde
319 1844 462 1895 prouti
497 1856 606 1889 opus
640 1855 779 1893 esset,
813 1845 876 1885 vel
912 1846 1088 1898 agebat,
1120 1847 1186 1888 Vel
1211 1847 1253 1887 in
1275 1846 1363 1888 Acie

148 1921 328 1963 versaria
349 1918 576 1961 referebat:
610 1922 710 1962 adeo
734 1920 936 1972 cavebat,
969 1934 1020 1962 ne
1042 1922 1120 1962 srbi
1145 1922 1250 1974 quid
1276 1922 1360 1964 uti-

149 1997 217 2049 le,
245 1996 372 2038 semel
397 1997 618 2049 cognitum
636 2026 652 2047 ‚
684 2008 732 2037 ex
759 1996 953 2037 memoria
975 1996 1166 2039 efflueret.

207 2072 308 2115 Duo
339 2083 475 2113 autem
507 2073 551 2113 in
588 2073 731 2123 primis
768 2071 805 2113 ei
850 2071 1128 2123 profuerunt,
1173 2085 1279 2124 quae
1309 2085 1359 2116 ex

153 2148 306 2204 puerili
350 2148 622 2190 institutione
670 2161 712 2190 m
761 2158 925 2191 nostras
979 2150 1148 2192 scholas
1194 2153 1360 2198 attulit·

159 2226 378 2277 Alterum,
410 2226 601 2277 cognitio
634 2227 928 2268 elementorum
966 2226 1365 2282 Geometricorum‚

164 2312 272 2352 quae
308 2313 556 2354 quamquam
599 2303 745 2344 leviter
779 2312 1001 2354 percepta,
1034 2314 1165 2345 tamen
1199 2316 1290 2346 eum
1319 2305 1372 2348 ad

168 2372 283 2415 illam
313 2376 552 2418 methodum
580 2376 806 2419 adsuefecit
824 2409 839 2431 ‚
873 2387 919 2418 ut
944 2378 1062 2419 etiam
1082 2381 1123 2419 in
1151 2379 1305 2420 Literis
1332 2388 1375 2421 et

171 2449 266 2490 aliis
306 2450 544 2502 disciplinis
576 2454 637 2495 nil
675 2453 754 2494 s1bi
777 2452 970 2494 traditum
1004 2462 1150 2496 temere
1172 2466 1249 2507 pro
1277 2465 1376 2495 vero

172 2525 402 2577 acciperet,
435 2528 509 2572 sed
544 2528 808 2574 definitiones
847 2543 893 2572 ac
920 2530 1293 2575 demonstrationes
1319 2540 1381 2571 re·

230 2603 327 2651 Vol.
356 2604 410 2647 ΙΙ,
879 2608 919 2652 X
1295 2603 1390 2660 qui-
