1693 3110
427 191 719 240 EPISTOLA
758 205 821 239 An
862 190 1228 239 LYNDENUM.
1362 203 1447 250 149

230 314 315 364 sibi
352 319 649 361 munusculum
675 326 914 369 exspectat:
948 324 989 359 et
1019 328 1102 360 nos
1130 316 1329 359 omnibus
1352 328 1445 371 gra-

235 395 383 436 tificari
415 396 648 436 studemus.
718 393 940 434 Amatores
972 392 1100 444 dico,
1141 405 1235 434 cum
1260 393 1445 446 legentes

234 483 320 511 eam
337 501 351 522 ‚
383 480 472 511 tum
505 468 731 510 habentes:
767 478 875 517 quos
901 478 978 518 ego
1005 468 1162 508 dudum
1189 466 1357 508 eosdem
1383 478 1451 508 es·

237 558 284 588 se
309 556 486 599 putans,
520 556 612 585 sero
637 553 771 594 nuper
794 554 970 583 errorem
991 554 1124 583 meum
1149 543 1319 596 agnovi.
1364 543 1451 585 Ac-

238 623 342 665 cidit
378 633 488 663 enum
525 619 691 673 saepius
729 631 802 672 per
841 618 912 660 illa
960 619 1221 661 intermissae
1253 621 1452 663 editionis

240 708 458 753 tempora,
485 707 531 739 ut
555 697 748 740 homines
772 695 1006 739 Literarum
1027 705 1267 738 nostrarum
1289 697 1458 741 studio-

240 775 278 817 si
303 787 353 819 ex
373 788 438 817 me
457 785 699 827 quaererent
714 805 729 826 ‚
751 787 802 817 an
825 786 923 815 mox
946 786 1094 815 rursus
1115 774 1273 816 Partem
1298 775 1460 818 Biblio-

242 853 392 894 thecae
417 851 598 894 Criticae
630 852 818 893 editurus
850 849 1018 892 essem?
1061 851 1232 906 Quibus
1256 853 1459 895 omnibus

241 932 384 974 eodem
422 930 547 972 modo
582 929 831 981 respondere
855 928 1064 970 solebam:
1115 958 1141 980 ,‚
1170 928 1366 982 Faciam,
1397 929 1463 972 in-

243 1036 270 1061 „
300 1018 453 1060 quam,
498 1005 630 1047 otium
670 1012 850 1054 nactus3
905 1002 1083 1056 scriptio
1116 1002 1373 1056 diligentiam
1407 1015 1458 1045 ae

244 1114 271 1137 „
302 1094 470 1136 tempus
510 1081 728 1135 postulat:
764 1082 832 1124 οὐκ
869 1082 987 1132 ἐσμὲν
1021 1083 1096 1123 τῶν
1121 1082 1316 1132 ἐμούντων
1339 1112 1352 1133 ,
1383 1084 1463 1128 οἶ).-

245 1190 272 1213 ‚‚
302 1165 355 1204 λὰ
379 1165 455 1204 τῶν
478 1159 758 1212 ἀκριβούντων·
792 1159 906 1209 quod
930 1157 1150 1211 professus
1174 1172 1267 1200 sum
1293 1159 1336 1201 in
1360 1159 1458 1212 ipso

243 1267 272 1289 ‚,
303 1238 410 1279 libro
426 1268 441 1288 ‚
458 1235 698 1277 Voluminis
721 1233 886 1286 Tertii,
907 1234 1042 1277 Partis
1055 1235 1213 1278 Primae
1235 1234 1459 1279 exordio.”

238 1314 360 1357 Hanc
397 1313 460 1355 ilii
495 1325 684 1355 caussam
725 1313 902 1366 probare
941 1313 1211 1356 videbantur:
1262 1345 1288 1368 ‚‚
1321 1315 1460 1368 Sane,

243 1423 269 1446 ‚,
300 1390 488 1446 aiebant,
521 1397 703 1443 praestat
740 1399 917 1432 veterem
956 1389 1213 1444 diligentiam
1252 1391 1460 1445 retinere,

247 1496 274 1519 ‚‚
307 1479 428 1520 quam
460 1465 575 1509 aliud
607 1479 656 1508 ex
693 1479 738 1508 ea
775 1466 1014 1509 festinando
1049 1467 1303 1514 remittere‚”
1360 1468 1458 1521 Ego

238 1542 339 1584 illos
374 1554 517 1583 omnes
551 1551 590 1583 et
631 1551 836 1584 amatores
867 1552 906 1583 ct
939 1543 1116 1584 lectores
1145 1555 1237 1584 esse
1269 1552 1457 1597 putans,

244 1631 388 1660 eorum
423 1631 672 1671 responsum
700 1619 740 1660 in
773 1631 900 1659 meam
941 1619 1100 1660 laudem
1128 1617 1456 1672 interpretabar:

244 1703 286 1735 et
310 1694 437 1734 homo
466 1694 643 1745 simplex
679 1695 920 1745 saeculique
945 1694 1114 1746 ignarus
1139 1696 1194 1736 ita
1219 1696 1460 1739 crescebam

240 1769 445 1824 gloriola,
477 1769 601 1820 quasi
633 1768 800 1809 illorum
833 1768 995 1821 J'udicio
1017 1770 1098 1822 jam
1125 1771 1294 1822 Jamque
1318 1770 1456 1813 subli-

241 1845 301 1888 mi
335 1844 487 1887 Feriens
520 1843 650 1885 sidera
686 1843 853 1888 vertice.
924 1843 1060 1885 Incidi
1092 1844 1237 1886 deinde
1272 1846 1316 1886 in
1345 1846 1454 1888 alios

244 1918 382 1962 minus
417 1918 593 1972 faciles,
628 1919 702 1972 qui
737 1931 800 1960 me
833 1918 882 1960 ab
916 1918 985 1962 illa
1024 1919 1283 1961 sublimitate
1308 1921 1462 1975 dejice-

242 2003 362 2037 rent:
408 2024 435 2047 „
469 1995 584 2036 Heus
617 2003 693 2044 tu,
737 1994 904 2046 inquit,
959 1996 1178 2046 ecquando
1214 2008 1322 2038 nova
1356 1997 1461 2041 Pars

245 2102 272 2126 „
303 2073 588 2116 Bibliothecae
623 2072 807 2115 Critieae
835 2065 1036 2116 ex'ibitY’
1094 2073 1189 2127 Ego
1227 2075 1356 2117 solito
1386 2075 1464 2118 illo

243 2151 373 2191 modo
399 2148 718 2203 respondebam.
783 2148 894 2190 Tum
918 2149 1016 2192 ille:
1054 2180 1080 2200 ,‚
1101 2149 1172 2191 Tu
1196 2164 1294 2193 vero
1318 2152 1465 2204 potius

247 2256 275 2279 „
304 2225 467 2279 aliquid
495 2226 637 2268 minus
665 2225 923 2268 elaboratum
946 2227 1066 2280 jtisto
1094 2210 1464 2282 tenipore,³quam

252 2331 279 2353 „
309 2304 439 2355 magis
466 2303 720 2346 elaboratum
750 2316 842 2344 sero
867 2303 966 2344 da.'’
1025 2304 1119 2358 Ego
1143 2318 1290 2347 rursus
1315 2316 1354 2353 et
1377 2307 1462 2349 hoe

242 2375 287 2417 in
320 2387 445 2417 meam
472 2378 630 2420 laudem
662 2378 905 2431 accipiens‚
965 2410 990 2430 „
1020 2380 1361 2435 Pei-humaniter,
1401 2383 1466 2424 in-

245 2461 279 2504 ·,‚
310 2464 458 2504 quam,
486 2452 619 2505 facis,
639 2455 711 2506 qui
738 2455 839 2496 meis
867 2457 993 2510 nugis
1017 2468 1176 2499 tantum
1204 2460 1391 2510 tribuas,
1415 2469 1464 2503 ut

253 2555 281 2584 3,
310 2539 377 2570 eas
402 2528 468 2571 vel
493 2529 730 2573 immaturas
760 2533 890 2587 legere
924 2532 1082 2577 velis.’'
1121 2520 1238 2589 ille,
1283 2566 1309 2588 „
1342 2535 1462 2581 Vah!

889 2609 928 2657 K.
958 2622 982 2666 3
1348 2641 1376 2666 2.
1403 2615 1470 2661 in·
