1693 3110
299 160 384 207 474
594 138 1205 187 DISPUTATIO

306 299 344 323 ‚,
375 280 480 325 que,
516 278 598 308 non
633 263 798 307 habehit
831 261 884 306 id
913 276 1057 316 omne,
1095 263 1206 320 quod
1234 263 1378 319 Deus,
1416 267 1507 311 slve

305 375 342 399 9,
373 342 461 384 Ens
482 339 695 392 infinitum
720 338 873 382 hahere
890 348 1038 396 potest.
1097 340 1248 396 Itaque
1272 350 1350 382 aut
1368 343 1503 385 altar-

307 448 344 472 „
373 425 501 469 uter,
540 424 618 458 aut
659 425 837 471 uterque
880 428 961 457 non
998 418 1084 458 erit
1126 416 1216 459 Ens
1259 413 1502 468 infinitum,

307 525 342 549 „
373 491 486 551 quod
522 500 582 534 est
625 490 900 535 absurdum?
957 476 1098 546 Hujus
1132 488 1298 545 quidem
1331 492 1503 535 demon.

303 568 524 615 strationis
567 567 684 621 prior
723 579 820 620 pars
865 566 1038 611 omnino
1078 579 1381 621 supervacanea
1416 577 1503 611 est.

305 647 418 692 Nam
463 645 503 688 si
545 652 650 687 sunt
692 654 779 685 non
823 642 975 685 diversi
1011 655 1034 685 a
1067 654 1113 685 se
1147 643 1356 696 invicem,
1395 643 1426 685 i.
1460 650 1502 687 e.'

310 722 356 767 ‘si
380 730 557 774 uterque
581 719 739 763 similes
773 727 813 759 et
843 719 1035 771 aequales
1063 718 1185 760 habet
1218 719 1426 769 virtutes,
1455 717 1507 759 ab

310 798 444 840 altero
469 807 514 838 se
532 794 761 849 distinguet
781 806 856 836 sua
880 793 973 846 ipse
1002 794 1280 847 conscientia3
1313 801 1361 835 ut
1392 791 1507 835 vide-

312 886 411 917 mus
435 870 626 914 homines
651 869 849 924 gemellos
864 898 879 921 ,
912 880 1163 921 quamquam
1186 867 1257 910 alii
1280 880 1352 910 eos
1375 867 1507 911 homi·

315 961 392 994 nes
433 947 665 990 discernere
709 957 732 986 a
775 955 822 985 se
860 943 1039 985 invicem
1088 955 1174 985 non
1216 952 1425 997 possunt,
1467 955 1510 987 se

313 1026 454 1078 ipsum
487 1030 693 1075 quemque
729 1030 804 1060 sua
826 1018 1057 1060 discernere
1088 1018 1360 1062 conscientia.
1412 1018 1504 1072 jam

312 1100 437 1152 ,quod
462 1095 658 1148 sequitur
691 1104 730 1135 et
762 1104 845 1135 rem
872 1093 1077 1135 conficere
1110 1093 1259 1144 debet,
1291 1093 1335 1134 in
1371 1093 1509 1135 eodem

310 1184 386 1218 est
419 1183 555 1214 errore
577 1170 610 1222 ‚'
634 1182 721 1222 quo
756 1167 1035 1210 antecedentia
1078 1173 1334 1221 argumenta.
1404 1167 1512 1212 Nan

319 1258 571 1303 quamquam
606 1253 838 1298 congruant
868 1243 941 1284 Dii
965 1242 1243 1284 similitudine
1264 1251 1305 1282 et
1337 1243 1520 1294 aequali·

308 1333 408 1367 ··tate
441 1323 645 1364 virtutum
658 1332 688 1372 ς
725 1328 858 1360 tamen
894 1325 1144 1359 numero-et
1176 1316 1371 1370 subJ'ecto
1403 1318 1514 1360 diffe-

320 1410 436 1444 rent:
483 1398 515 1439 i.
555 1408 593 1436 e.
638 1405 724 1435 non
763 1401 883 1434 erunt
919 1403 1061 1442 unus,
1103 1392 1174 1432 sed
1217 1392 1302 1433 duo
1337 1392 1438 1445 Dii,
1479 1402 1513 1436 et

321 1478 438 1519 Deus
462 1474 517 1516 A.
551 1469 628 1512 erit
651 1469 765 1511 Deus
790 1469 844 1510 A.
863 1498 877 1519 ,
905 1476 946 1518 et
978 1467 1096 1509 Deus
1125 1466 1175 1507 B.
1208 1466 1285 1507 erit
1320 1467 1438 1510 Deus
1468 1469 1511 1513 Β.

319 1551 462 1606 Igitur
492 1544 688 1589 identitas
725 1543 885 1585 interna
918 1554 1014 1583 cum
1045 1550 1211 1583 externa
1248 1540 1518 1588 confunditur

316 1640 348 1670 -a
385 1623 639 1667 Schuberto.
700 1618 830 1675 Quod
862 1617 899 1659 si
921 1630 1020 1660 vero
1043 1617 1100 1659 ita
1122 1617 1257 1670 accipi
1281 1619 1381 1660 velit
1405 1620 1519 1662 ratio·

313 1713 451 1752 nem,
490 1700 526 1739 si
567 1706 744 1753 uterque
783 1702 972 1750 ponatur
1012 1701 1061 1735 ut
1097 1690 1317 1746 infinitus,
1355 1697 1517 1752 utrique

328 1777 462 1821 deesse
497 1773 677 1816 alterius
694 1771 1001 1827 perfectiones;
1034 1768 1130 1811 huic
1158 1780 1283 1823 supra
1314 1771 1522 1825 respondi-

331 1866 427 1896 mus
458 1850 573 1893 Sect.
603 1847 680 1890 111.
711 1848 752 1900 §.
780 1859 827 1889 2.
854 1856 898 1887 n.
923 1857 965 1887 2.

392 1927 474 1969 Sed
508 1924 590 1967 sub
615 1921 779 1965 initium
807 1920 934 1974 huJus
959 1918 1414 1971 Sectiouis·posuimus
1436 1919 1519 1973 Syi

337 2004 598 2055 logismum,
641 2010 727 2050 quo
773 1994 1044 2045 continetur,
1089 1994 1266 2035 istorum
1304 1995 1517 2048 opinione,

340 2077 515 2120 unitatis
546 2072 724 2116 Divinae
758 2068 1075 2112 demonstratio.
1139 2068 1197 2110 Et
1221 2069 1418 2115 hactenus
1441 2072 1520 2125 qui>

340 2153 431 2195 dem
453 2150 495 2192 in
518 2150 648 2190 altero
665 2147 973 2202 disjunctorum
998 2144 1148 2186 versati
1175 2156 1347 2198 sumus,
1378 2161 1518 2203 aequa·

339 2228 399 2272 les
437 2235 477 2266 et
512 2223 667 2266 similes
697 2224 766 2264 hos
799 2234 880 2263 esse
913 2221 1049 2272 Deos,
1083 2220 1196 2272 quod
1225 2220 1437 2275 principio
1470 2223 1518 2265 inv

337 2300 671 2347 discernibilium
694 2297 916 2340 confutare
938 2305 1158 2339 conantur.
1200 2297 1389 2339 Alterum
1417 2309 1503 2340 erat

341 2391 403 2423 cos
452 2389 532 2417 esse
573 2375 785 2426 (mersos,-
825 2372 941 2426 quod
979 2383 1105 2412 unum
1144 2370 1412 2415 refellendum
1454 2373 1522 2417 sih

343 2460 548 2499 sumserat
592 2448 811 2494 Reimarus
863 2446 984 2492 Libr.
1031 2457 1258 2493 memorato
1307 2449 1418 2493 Sect.
1455 2447 1518 2489 IV

1420 2522 1518 2579 &3
