1693 3110
166 284 257 320 sect.
277 285 321 320 V.

151 328 260 368 Plato·

338 166 450 222 598·
642 157 1250 205 DISPUTATIO

341 299 453 342 pus,
497 284 615 337 quod
652 282 830 325 maxime
862 283 1220 326 accommodatum
1257 282 1316 325 sit
1353 284 1404 326 ad
1438 285 1564 338 cupio.

343 363 492 405 ditares
529 359 622 400 illas
660 359 910 410 explendas:
956 357 1119 399 fallitur
1162 359 1280 400 etiam
1317 360 1555 413 ignorantia

342 434 477 484 boni,
509 442 587 485 ut,
630 433 673 475 in
705 434 909 477 electione
950 446 1083 476 novae
1116 435 1254 486 vitae,
1294 436 1451 477 meliori
1484 449 1557 490 pe-

341 513 414 567 jus
455 509 731 564 anteponat.’'
805 513 950 564 Atque
998 511 1055 553 ita
1086 511 1273 554 Platonis
1308 514 1555 556 sententiam

338 590 596 644 posteriores
646 599 940 641 acceperunt:
995 599 1041 632 ut
1093 590 1258 631 monuit
1305 589 1560 643 Wyttenba-

338 665 465 708 chius
501 666 553 707 ad
592 664 807 707 Plutarchi
845 666 997 709 librum
1035 667 1086 710 de
1123 667 1222 713 Sera
1255 664 1389 709 Num.
1422 666 1555 713 vind.

336 757 385 798 p.
428 755 521 797 113.

395 820 512 872 Ergo
557 818 742 862 vidimus
777 820 991 863 Platonem
1029 820 1189 873 egregie
1229 820 1422 862 meritum
1462 831 1559 861 esse

337 894 388 936 de
426 894 619 936 doctrina
657 895 1016 953 Immortalitatis‚
1061 907 1235 948 eamque
1275 908 1360 938 non
1389 904 1553 938 tantum

335 970 578 1024 eloquenti-a
621 970 671 1012 ad
713 972 989 1024 plurimorum
1028 983 1245 1014 assensum
1289 972 1556 1023 celebrasse,

335 1045 410 1085 sed
450 1044 710 1097 argumentis
748 1057 921 1097 quoque
949 1047 1247 1089 confirmasset
1283 1059 1464 1098 quorum
1493 1058 1558 1088 ar-

276 1174 281 1184 .
335 1128 631 1173 gumentorum
649 1150 664 1172 ,
679 1121 882 1162 nonnulla
906 1130 1007 1163 sunt
1019 1122 1137 1163 valde
1160 1121 1419 1173 probabilia,
1444 1132 1554 1163 non-

101 2130 305 2170 lendemici.

334 1197 450 1239 nulla
482 1197 756 1248 obscuriora,
803 1199 874 1239 sed
916 1211 1020 1250 quae
1062 1209 1199 1240 tamen
1237 1199 1356 1250 quasi
1393 1198 1553 1239 semina

331 1273 605 1323 contineant,
649 1272 807 1324 quibus
847 1274 1091 1315 excolendis
1124 1273 1377 1325 posteriores
1411 1273 1558 1314 Philo.

332 1349 461 1400 sophi
494 1349 596 1391 huic
633 1350 848 1391 doctrinae
871 1351 1067 1402 majorem
1093 1351 1329 1393 firmitatem
1355 1352 1556 1404 adjunxe-

331 1432 443 1465 runt.
505 1423 704 1465 Ceterum
739 1424 877 1475 qualis
914 1433 1024 1465 esset
1066 1424 1136 1464 ille
1163 1424 1393 1476 posthanc
1421 1424 1552 1468 vitam

331 1510 496 1553 status,
527 1501 578 1542 ab
615 1502 661 1542 ea
694 1500 859 1552 quidem
897 1507 1015 1552 parte
1038 1500 1312 1552 probabiliter
1337 1499 1553 1552 significa-

329 1577 422 1629 vit,
454 1586 501 1619 ut
536 1576 825 1630 intelligatur,
856 1575 981 1618 bonis
1013 1576 1144 1627 bene,
1177 1576 1295 1619 malis
1323 1576 1451 1627 male,
1483 1576 1553 1621 fu-

329 1662 473 1696 turum
511 1665 626 1696 esse:
668 1648 913 1695 felicitatem
951 1652 1184 1695 consistere
1217 1652 1260 1694 in
1297 1652 1482 1694 Veritate
1510 1662 1554 1695 et

329 1729 537 1783 Virtute,
571 1729 615 1772 in
650 1738 787 1771 earum
827 1727 1041 1771 contrario
1077 1728 1257 1780 positam
1297 1739 1388 1772 esse
1413 1726 1553 1770 infeli·

329 1808 530 1850 citatem:
566 1817 673 1859 quae
706 1817 805 1848 vero
840 1802 1106 1857 peculiariter
1142 1813 1346 1856 praeterea
1384 1805 1433 1845 de
1467 1806 1551 1846 hoe

331 1893 444 1926 statu
482 1882 700 1937 prodidit,
751 1893 796 1922 ea
836 1892 1087 1933 quamquam
1128 1881 1178 1922 ad
1217 1879 1548 1922 verisimilitudi-

332 1970 426 2003 nem
452 1960 655 2001 adducere
679 1956 872 2008 studuit,
905 1955 1023 1997 valde
1048 1965 1183 1998 tamen
1208 1966 1247 1997 et
1269 1955 1424 1999 incerta
1446 1961 1550 1996 sunt

331 2045 373 2076 et
401 2035 599 2077 obscura.

388 2111 616 2165 Sequitur,
647 2119 694 2152 ut
729 2111 780 2152 de
818 2109 1003 2152 Platonis
1042 2107 1363 2150 successoribus
1392 2107 1543 2152 dicam.

332 2187 467 2243 Igitur
503 2200 550 2230 ex
587 2189 675 2242 ejus
715 2187 941 2240 discipulis
979 2188 1062 2227 duo
1100 2184 1315 2237 praecipui
1351 2184 1547 2224 doctores

333 2265 598 2308 exstiterunt.
672 2264 797 2307 Alter
847 2261 1147 2315 SpeusippuS,
1191 2268 1313 2309 quem
1360 2257 1549 2298 heredem

334 2340 546 2383 doctrinae
573 2339 614 2380 in
639 2337 861 2380 Academia
890 2337 1078 2387 reliquit.
1124 2333 1241 2376 Alter
1261 2331 1512 2375 Aristoteles
1529 2360 1547 2381 ‚

333 2416 408 2468 qui
443 2428 465 2457 a
508 2415 708 2467 magistro
753 2412 1004 2454 dissentiens
1038 2421 1187 2451 novam
1230 2409 1322 2460 ipse
1355 2406 1544 2449 scholam

330 2493 377 2539 in
397 2490 543 2546 Lyceo
570 2489 813 2534 coustituit.
863 2489 943 2533 Sed
967 2485 1214 2535 Academiae
1236 2484 1429 2530 doctores
1454 2489 1544 2522 non

1460 2562 1555 2598 onia·
