1693 3110
317 176 397 220 DE
427 168 945 221 IMMORTALITATE
975 168 1171 219 ANlMI.
1259 179 1346 229 527

137 297 269 343 tentia
292 307 590 353 cognoscatur.
653 297 780 341 Hunc
804 297 914 339 forte
950 296 1047 349 quis
1086 303 1209 350 putet
1241 295 1346 339 Ani·
1364 315 1448 345 sm,
1473 313 1513 346 ῃ,

141 381 255 417 mum
279 376 491 419 mortalem
519 374 746 423 statuisse,
777 373 978 417 inductus
1002 374 1100 415 loco
1125 372 1345 415 Ciceronis
1367 353 1580 437 {fflssffifflfff

141 438 277 492 Tusc.
310 453 347 494 Ι.
381 465 424 505 9.
494 480 529 502 „
574 449 845 506 Empedocles
881 450 1068 491 animum
1100 461 1183 490 esse
1213 457 1348 490 censet
1369 442 1449 472 ⁶¹²⁵·

137 525 260 567 cordi
292 525 491 580 suffusum
526 520 824 581 sanguinem?
882 524 940 566 At
965 524 1046 566 hoc
1072 535 1158 566 non
1180 525 1230 566 de
1250 524 1349 577 ipso

139 598 299 642 Animo
317 632 330 651 ‚
363 602 433 643 sed
455 602 504 645 de
529 603 618 656 eJus
647 602 770 654 sede,
797 600 1085 653 accipiendum
1108 612 1224 652 esse,
1256 611 1353 642 eru·

138 673 224 716 dite
260 677 444 719 ostendit
474 677 675 721 Davisius
712 678 765 720 ad
799 675 917 718 illum
948 676 1108 719 locum.
1167 675 1224 717 Et
1250 688 1352 719 vero

139 761 237 791 cum
272 750 413 804 ipsius
451 752 608 807 reliqua
634 752 824 795 doctrina
851 761 942 793 tum
969 750 1222 805 superstites
1247 750 1350 793 Car-

141 826 267 868 minis
308 838 445 880 partes
481 828 714 880 evincunt,
757 839 849 868 eum
882 826 924 867 in
961 824 1110 878 primis
1139 826 1349 870 vindicem

147 900 477 945 immortalitatis
500 903 648 944 fuisse.
691 903 801 944 Nam
830 902 1012 954 primum
1041 902 1209 955 quidem
1237 903 1278 945 in
1301 916 1351 946 eo

136 977 355 1019 consensit
388 989 483 1018 cum
519 978 783 1032 Pythagora,
816 978 1020 1019 Animam
1054 987 1243 1021 nostram
1270 991 1352 1021 esse

133 1059 303 1106 partem
339 1052 510 1096 divinae
552 1054 829 1096 substantiae.
899 1052 1133 1095 Audiamus
1174 1053 1350 1095 Sextum

138 1124 399 1178 Empiricum
424 1128 635 1170 Adversus
664 1128 805 1172 Math.
836 1128 891 1170 L.
922 1131 996 1171 IX.
1023 1129 1063 1181 ὃ.
1089 1140 1184 1179 127.
1219 1158 1247 1179 „
1273 1129 1354 1180 Py·

137 1201 344 1256 thagoras
359 1232 374 1254 ‚
420 1203 715 1259 Empedocles,
748 1215 790 1246 et
819 1204 990 1259 reliqua
1013 1202 1240 1246 multitudo
1260 1203 1354 1245 Ita⁴

67 1311 73 1315 s
135 1276 349 1329 lictorum,
380 1277 555 1329 dicunt,
586 1292 667 1322 non
690 1279 820 1321 solum
858 1291 941 1320 esse
982 1279 1095 1320 nobis
1130 1281 1247 1321 inter
1284 1290 1355 1320 ηας

135 1351 332 1409 aliquam
370 1363 410 1395 et
448 1367 540 1397 cum
579 1354 680 1397 Diis
717 1355 1050 1408 conjunctionem
1065 1384 1081 1406 ‚
1111 1354 1184 1397 sed
1223 1356 1354 1397 etiam

136 1442 228 1472 cum
260 1429 399 1471 brutis
437 1431 757 1485 atzimuntibu5;
789 1430 892 1471 Esse
929 1432 1038 1472 enim
1073 1444 1202 1471 unum
1229 1433 1356 1486 spiri-

140 1513 259 1556 tum,
290 1508 366 1560 qui
390 1508 561 1548 animae
584 1509 730 1547 instar
751 1515 886 1547 totum
907 1502 1120 1546 Mundam
1138 1506 1357 1560 pervadat

139 1588 181 1621 et
201 1593 271 1621 nos
296 1593 389 1621 cum
422 1582 477 1622 iis
502 1580 788 1637 conjungat.”
846 1581 915 1622 Ad
939 1592 1060 1633 quem
1084 1581 1226 1622 locum
1254 1593 1357 1622 con-

140 1654 347 1697 sulendus
380 1664 445 1697 est
481 1656 756 1698 doctissimus
783 1656 1008 1709 Interpres.
1069 1654 1182 1697 Hinc
1207 1669 1356 1709 seque-

142 1730 292 1782 batur,
325 1731 500 1774 Animos
521 1740 562 1772 et
584 1740 712 1772 antea
727 1730 894 1786 sitisse,
925 1740 968 1773 et
985 1738 1128 1786 postea
1141 1732 1320 1784 futuros
1336 1746 1351 1772 .“

142 1819 214 1847 nec
243 1805 473 1862 quidquam
500 1808 712 1859 interire,
745 1806 1034 1849 tantummodo
1068 1809 1233 1847 mutari
1256 1819 1354 1858 res,

141 1885 465 1936 congregatione
500 1880 568 1924 vel
596 1884 883 1936 segregatione
903 1883 1124 1938 partium;
1157 1883 1272 1933 quod
1294 1883 1356 1922 di·-

142 1966 252 1998 serte
274 1965 454 1997 testatus
479 1942 542 1998 est
573 1955 766 1998 versibus
795 1956 872 2006 iiS,
904 1969 1014 2008 quos
1046 1958 1229 2000 servavit
1253 1958 1354 2000 Plu-

131 2032 314 2074 <tarchus
335 2031 377 2073 iu
396 2030 530 2073 Libro
552 2033 765 2075 Adversus
788 2032 985 2074 Colotem
1004 2031 1058 2076 T.
1077 2032 1133 2074 ΙΙ.
1158 2046 1202 2087 p.
1231 2046 1351 2078 1111.

132 2107 190 2150 F.
223 2117 262 2149 et
296 2120 415 2161 1113.
440 2108 497 2150 D.
525 2107 633 2160 Sed,
664 2116 713 2149 ut
736 2107 929 2160 Anima,
959 2122 1085 2163 quum
1109 2109 1227 2164 apud
1244 2110 1353 2150 Deos

144 2182 340 2238 degeret,
372 2184 424 2225 ab
455 2186 509 2226 iis
531 2184 578 2225 in
594 2185 909 2239 generationem
935 2192 975 2224 et
1003 2194 1153 2240 corpus
1176 2187 1347 2237 veniat,

142 2271 292 2300 caussa
318 2268 376 2300 est
397 2267 615 2314 peccatum
632 2289 646 2309 ‚
676 2259 795 2309 cujus
818 2259 961 2300 luendi
984 2262 1139 2303 caussa*
1161 2274 1213 2303 ex
1242 2262 1353 2303 coelo

137 2337 191 2376 in
215 2332 390 2376 exilium
416 2333 574 2376 Terrae
598 2336 802 2388 ejicitur,
834 2335 975 2390 ibique
992 2346 1075 2392 per
1098 2337 1234 2378 multa
1258 2351 1353 2379 corn

137 2419 250 2465 pora
277 2412 490 2463 migrans,
504 2409 705 2451 dusturno
722 2414 817 2454 aevi
838 2412 972 2464 spatio
995 2413 1041 2452 in
1063 2411 1217 2454 coela-m
1242 2422 1354 2454 tam-

129 2497 271 2541 -quam
303 2489 349 2527 in
375 2488 573 2541 panium
607 2487 721 2530 redit
738 2499 753 2526 :
783 2489 925 2540 Atque
953 2486 1010 2530 ita
1035 2488 1127 2542 ipse
1148 2488 1353 2541 prodebat

1252 2563 1355 2605 Ern-
