1693 3110
425 186 539 230 AD
597 162 1161 230 LYNDENiJM.
1278 199 1281 201 *
1342 203 1420 245 171

203 308 309 351 dolii
348 317 502 348 sortem
544 307 746 357 audich
779 306 891 349 feces
918 309 967 349 ad
995 309 1289 353 illustrandum
1326 314 1431 354 sub-

201 385 365 428 mittit:
407 384 563 435 quibus
599 385 780 425 admotis
816 385 932 426 dolio
969 397 1145 438 aperto,
1190 403 1366 442 vapores
1401 392 1428 433 ὲ

203 461 370 503 materia
405 461 620 502 exhalante
651 472 867 514 surgentes
907 461 1041 512 ignem
1077 465 1357 518 concipiunt,
1389 477 1431 509 et

202 538 351 580 subito
378 550 473 577 curn
503 536 677 588 fulgure
713 537 900 578 sonitum
928 539 1075 581 edunt.
1141 541 1270 583 Ecce!
1307 544 1433 585 novi-

203 614 253 655 tii
289 613 491 663 puerique
516 613 564 653 ad
599 624 804 653 rumorem
844 612 1160 665 novitatemque
1191 615 1428 667 spectaculi

203 689 398 738 excitari,
431 692 676 739 adcurrere,
701 690 890 740 adstare,
920 699 1119 741 stupere,
1147 693 1282 733 mirari
1301 724 1314 743 ,
1331 705 1434 747 gau-

206 768 300 809 dere
323 797 338 815 .,
370 768 554 818 gestire,
587 767 723 821 ignem
761 767 947 818 quisque
980 779 1020 809 et
1050 769 1239 810 materiae
1275 780 1434 820 partem

205 854 347 892 rapere
368 854 407 883 et
433 840 621 884 auferre:
655 854 791 884 massa
819 845 933 892 picea
959 845 1244 886 concutiendo
1269 845 1435 897 agitan-

206 923 348 964 doque
382 922 649 962 exardescens
689 922 987 971 crepitansque
1021 921 1238 971 dissiluit,
1275 922 1439 970 rapien-

205 996 311 1037 tium
353 997 499 1039 vultus
532 999 618 1038 atra
657 995 838 1047 fuligine
876 997 1097 1050 opplevit,
1128 997 1264 1048 capita
1290 998 1439 1041 furore

207 1072 434 1123 instinxit3
472 1084 516 1113 ut
553 1074 633 1114 sibi
664 1075 802 1125 pulcri
839 1084 877 1114 et
914 1075 1123 1124 sapientes
1159 1076 1435 1128 v³derentur‚

209 1161 286 1202 per
307 1162 429 1191 vlcos
458 1150 698 1201 oppidaque
731 1150 1014 1192 discurrentes
1049 1152 1437 1204 debaccharentur,

211 1224 383 1267 deornm
408 1225 714 1278 hominumque
740 1225 858 1267 fidem
888 1227 1225 1278 obtestarentur,
1256 1240 1300 1270 se
1328 1230 1443 1281 pris-

209 1301 312 1343 tinis
348 1300 561 1342 liberatam
597 1302 784 1344 tenebris
819 1302 1175 1354 Philosophiam,
1220 1304 1441 1355 ipsamque

210 1378 456 1427 veritatem,
504 1376 679 1421 adferre.
751 1377 899 1430 Pater,
946 1378 1020 1430 qui
1060 1378 1244 1421 fortasse
1272 1379 1439 1422 foetum

212 1467 337 1498 suum
373 1456 537 1497 diutius
571 1456 764 1509 neglectu
805 1456 1154 1507 ignorationeque
1183 1469 1439 1509 oppressum

212 1532 306 1583 ipse
331 1532 599 1574 abdicaturus
635 1542 746 1582 erat,
777 1545 891 1574 nunc
920 1545 1011 1572 eum
1050 1533 1277 1584 celebrari,
1309 1546 1441 1586 seque

215 1609 358 1659 ipsum
386 1607 544 1649 divinis
570 1608 766 1650 laudibus
802 1607 901 1649 ferri
934 1609 1108 1659 videns,
1151 1609 1312 1651 laudem
1349 1612 1441 1652 lau-

214 1687 267 1727 de
291 1682 532 1733 cumulare,
564 1694 789 1735 novosque
825 1692 948 1724 natos
976 1695 1033 1735 pr=
1056 1695 1194 1725 creare
1225 1684 1443 1728 instituit:

218 1760 355 1804 foetui
392 1759 495 1799 duas
529 1758 744 1799 submittit
779 1770 946 1800 sorores
986 1758 1198 1808 Criticas‚
1246 1759 1447 1802 Rationis

218 1834 479 1883 practicae,
510 1841 550 1873 et
574 1831 822 1874 Facultaetts
847 1831 1119 1885 judicandi,
1152 1843 1241 1873 tum
1267 1834 1375 1874 alios
1404 1840 1446 1875 et

217 1911 327 1954 alios
360 1922 498 1951 novos
532 1919 682 1951 natos:
719 1910 791 1961 qui
822 1921 999 1961 omncs,
1034 1920 1078 1970 ut
1103 1923 1238 1951 novae
1262 1920 1302 1951 et
1325 1911 1447 1951 inau-

221 1989 333 2031 ditae
364 1986 593 2040 sapssentiae
628 1987 739 2039 pleni
777 1997 818 2028 et
852 1989 1038 2029 coelitus
1075 1989 1261 2041 delapsi,
1294 1989 1317 2030 a
1351 1989 1452 2030 bac-

216 2063 452 2109 chantibus
476 2063 694 2113 suscepti,
727 2070 766 2102 et
794 2063 836 2103 in
867 2064 1056 2103 eumdem
1083 2062 1319 2104 divinitatis
1350 2063 1458 2103 cho-

209 2151 320 2181 -rum
347 2138 557 2192 aggregati
585 2148 702 2183 sunt.
764 2138 835 2180 Sic
861 2152 934 2192 pcr
958 2139 1201 2181 decennium
1228 2140 1328 2181 haec
1363 2140 1457 2181 sola

227 2215 366 2266 viguit
396 2214 583 2267 veritas,
619 2215 662 2256 in
698 2214 887 2266 scholis,
930 2214 1084 2267 libris,
1115 2216 1457 2268 ephemeridibus

211 2289 477 2340 decantata,
520 2299 558 2330 et
593 2289 777 2331 Criticae
811 2290 1114 2343 Philosophiae
1151 2294 1324 2334 nomine
1357 2294 1466 2334 cele-

234 2364 368 2405 brata.
432 2365 601 2417 Atque,
622 2377 749 2419 prout
774 2366 815 2408 in
841 2368 957 2408 civili
979 2369 1257 2410 conversione
1281 2368 1371 2410 fieri
1396 2381 1468 2411 so·

240 2442 330 2492 let,
364 2450 411 2481 ut
448 2442 538 2495 eJ’us
579 2443 748 2495 patroni
774 2455 861 2485 non
886 2444 973 2487 sint
1014 2444 1141 2486 unius
1176 2446 1364 2498 genem,
1396 2444 1471 2486 sed

217 2516 374 2562 ,bonis
396 2517 564 2562 civibus
587 2532 856 2564 communem
878 2520 1055 2566 salutem
1082 2520 1381 2575 spectantibus
1403 2520 1476 2562 ad-

1377 2605 1481 2639 mis-
