<?xml version="1.0" encoding="UTF-8"?>
<!DOCTYPE html PUBLIC "-//W3C//DTD XHTML 1.0 Transitional//EN"
    "http://www.w3.org/TR/xhtml1/DTD/xhtml1-transitional.dtd">
<html xmlns="http://www.w3.org/1999/xhtml" xml:lang="en" lang="en">
 <head>
  <title>
</title>
<meta http-equiv="Content-Type" content="text/html;charset=utf-8" />
  <meta name='ocr-system' content='tesseract 3.04.00' />
  <meta name='ocr-capabilities' content='ocr_page ocr_carea ocr_par ocr_line ocrx_word'/>
</head>
<body>
  <div class='ocr_page' id='page_1' title='image "./opusculavariiarg02wytt_0361.png"; bbox 0 0 1693 3110; ppageno 0'>
   <div class='ocr_carea' id='block_1_1' title="bbox 481 185 1428 267">
    <p class='ocr_par' dir='ltr' id='par_1_1' title="bbox 481 185 1428 267">
     <span class='ocr_line' id='line_1_1' title="bbox 481 185 1428 267; baseline 0.005 -18"><span class='ocrx_word' id='word_1_1' title='bbox 481 185 1161 251; x_wconf 63' lang='lat' dir='ltr'><strong>PARENTALI&#39;A.⁹</strong></span> <span class='ocrx_word' id='word_1_2' title='bbox 1341 209 1428 267; x_wconf 71' lang='lat'><strong>3&#39;45</strong></span> 
     </span>
    </p>
   </div>
   <div class='ocr_carea' id='block_1_2' title="bbox 193 320 1440 2595">
    <p class='ocr_par' dir='ltr' id='par_1_2' title="bbox 193 320 1440 2595">
     <span class='ocr_line' id='line_1_2' title="bbox 203 320 1424 383; baseline -0.002 -13"><span class='ocrx_word' id='word_1_3' title='bbox 203 326 390 371; x_wconf 78' lang='lat' dir='ltr'><strong>eundum</strong></span> <span class='ocrx_word' id='word_1_4' title='bbox 427 327 610 369; x_wconf 79' lang='lat' dir='ltr'>ordinem</span> <span class='ocrx_word' id='word_1_5' title='bbox 648 323 883 376; x_wconf 83' lang='lat' dir='ltr'><strong>temporis,</strong></span> <span class='ocrx_word' id='word_1_6' title='bbox 926 326 1119 383; x_wconf 88' lang='lat' dir='ltr'><strong>quamvis</strong></span> <span class='ocrx_word' id='word_1_7' title='bbox 1152 320 1326 381; x_wconf 89' lang='lat' dir='ltr'><strong>subito,</strong></span> <span class='ocrx_word' id='word_1_8' title='bbox 1359 343 1424 372; x_wconf 86' lang='lat' dir='ltr'><strong>re.</strong></span> 
     </span>
     <span class='ocr_line' id='line_1_3' title="bbox 204 398 1426 454; baseline 0.001 -9"><span class='ocrx_word' id='word_1_9' title='bbox 204 401 312 445; x_wconf 77' lang='lat' dir='ltr'><strong>ferre</strong></span> <span class='ocrx_word' id='word_1_10' title='bbox 351 413 588 454; x_wconf 86' lang='lat' dir='ltr'><strong>possemus.</strong></span> <span class='ocrx_word' id='word_1_11' title='bbox 649 398 751 440; x_wconf 86' lang='lat' dir='ltr'><strong>Inde</strong></span> <span class='ocrx_word' id='word_1_12' title='bbox 793 400 1014 452; x_wconf 88' lang='lat' dir='ltr'><strong>utriusque</strong></span> <span class='ocrx_word' id='word_1_13' title='bbox 1046 400 1241 454; x_wconf 86' lang='lat' dir='ltr'><strong>linguae,</strong></span> <span class='ocrx_word' id='word_1_14' title='bbox 1282 403 1325 444; x_wconf 92' lang='lat' dir='ltr'><strong>id</strong></span> <span class='ocrx_word' id='word_1_15' title='bbox 1360 412 1426 446; x_wconf 92' lang='lat' dir='ltr'><strong>est</strong></span> 
     </span>
     <span class='ocr_line' id='line_1_4' title="bbox 206 476 1423 531; baseline 0 -9"><span class='ocrx_word' id='word_1_16' title='bbox 206 479 429 525; x_wconf 83' lang='lat' dir='ltr'><strong>Francicae</strong></span> <span class='ocrx_word' id='word_1_17' title='bbox 480 489 522 521; x_wconf 90' lang='lat' dir='ltr'><strong>et</strong></span> <span class='ocrx_word' id='word_1_18' title='bbox 561 476 866 528; x_wconf 82' lang='lat' dir='ltr'>Germanicae,</span> <span class='ocrx_word' id='word_1_19' title='bbox 916 477 1166 531; x_wconf 88' lang='lat' dir='ltr'><strong>praecipuos</strong></span> <span class='ocrx_word' id='word_1_20' title='bbox 1200 487 1346 530; x_wconf 84' lang='lat' dir='ltr'><strong>poetas</strong></span> <span class='ocrx_word' id='word_1_21' title='bbox 1380 490 1423 523; x_wconf 91' lang='lat' dir='ltr'><strong>et</strong></span> 
     </span>
     <span class='ocr_line' id='line_1_5' title="bbox 205 539 1425 610; baseline -0.001 -12"><span class='ocrx_word' id='word_1_22' title='bbox 205 557 465 610; x_wconf 84' lang='lat' dir='ltr'><strong>scriptores,</strong></span> <span class='ocrx_word' id='word_1_23' title='bbox 497 554 570 607; x_wconf 92' lang='lat' dir='ltr'><strong>qui</strong></span> <span class='ocrx_word' id='word_1_24' title='bbox 600 553 650 594; x_wconf 85' lang='lat' dir='ltr'><strong>ad</strong></span> <span class='ocrx_word' id='word_1_25' title='bbox 680 564 817 593; x_wconf 83' lang='lat' dir='ltr'><strong>mores</strong></span> <span class='ocrx_word' id='word_1_26' title='bbox 844 550 1093 595; x_wconf 83' lang='lat' dir='ltr'><strong>formandos</strong></span> <span class='ocrx_word' id='word_1_27' title='bbox 1123 539 1425 608; x_wconf 81' lang='lat' dir='ltr'><strong>ingeniumque</strong></span> 
     </span>
     <span class='ocr_line' id='line_1_6' title="bbox 204 628 1427 684; baseline 0 -10"><span class='ocrx_word' id='word_1_28' title='bbox 204 632 500 684; x_wconf 80' lang='lat' dir='ltr'>expoliendum</span> <span class='ocrx_word' id='word_1_29' title='bbox 522 631 735 680; x_wconf 85' lang='lat' dir='ltr'><strong>valerent,</strong></span> <span class='ocrx_word' id='word_1_30' title='bbox 767 628 975 682; x_wconf 88' lang='lat' dir='ltr'><strong>legimus,</strong></span> <span class='ocrx_word' id='word_1_31' title='bbox 1005 639 1046 671; x_wconf 89' lang='lat' dir='ltr'><strong>et</strong></span> <span class='ocrx_word' id='word_1_32' title='bbox 1069 630 1214 674; x_wconf 87' lang='lat' dir='ltr'><strong>stilum</strong></span> <span class='ocrx_word' id='word_1_33' title='bbox 1238 632 1427 674; x_wconf 83' lang='lat' dir='ltr'><strong>exercui-</strong></span> 
     </span>
     <span class='ocr_line' id='line_1_7' title="bbox 204 707 1428 762; baseline 0.002 -9"><span class='ocrx_word' id='word_1_34' title='bbox 204 722 330 762; x_wconf 84' lang='lat' dir='ltr'><strong>mus,</strong></span> <span class='ocrx_word' id='word_1_35' title='bbox 361 709 572 752; x_wconf 86' lang='lat' dir='ltr'><strong>vertendis</strong></span> <span class='ocrx_word' id='word_1_36' title='bbox 598 707 840 762; x_wconf 86' lang='lat' dir='ltr'><strong>insignibus</strong></span> <span class='ocrx_word' id='word_1_37' title='bbox 866 708 1037 751; x_wconf 87' lang='lat' dir='ltr'><strong>illorum</strong></span> <span class='ocrx_word' id='word_1_38' title='bbox 1071 710 1179 751; x_wconf 90' lang='lat' dir='ltr'><strong>locis</strong></span> <span class='ocrx_word' id='word_1_39' title='bbox 1214 723 1264 753; x_wconf 84' lang='lat' dir='ltr'><strong>ex</strong></span> <span class='ocrx_word' id='word_1_40' title='bbox 1298 713 1428 757; x_wconf 87' lang='lat' dir='ltr'><strong>altera</strong></span> 
     </span>
     <span class='ocr_line' id='line_1_8' title="bbox 204 784 1427 838; baseline -0.001 -9"><span class='ocrx_word' id='word_1_41' title='bbox 204 784 249 829; x_wconf 84' lang='lat' dir='ltr'><strong>in</strong></span> <span class='ocrx_word' id='word_1_42' title='bbox 273 786 440 828; x_wconf 84' lang='lat' dir='ltr'><strong>alteram</strong></span> <span class='ocrx_word' id='word_1_43' title='bbox 468 786 683 838; x_wconf 87' lang='lat' dir='ltr'><strong>linguam,</strong></span> <span class='ocrx_word' id='word_1_44' title='bbox 713 784 947 827; x_wconf 82' lang='lat' dir='ltr'><strong>scribendis</strong></span> <span class='ocrx_word' id='word_1_45' title='bbox 976 784 1174 837; x_wconf 86' lang='lat' dir='ltr'><strong>epistolis</strong></span> <span class='ocrx_word' id='word_1_46' title='bbox 1202 787 1252 828; x_wconf 90' lang='lat' dir='ltr'><strong>ad</strong></span> <span class='ocrx_word' id='word_1_47' title='bbox 1286 798 1427 829; x_wconf 82' lang='lat' dir='ltr'><strong>exem-</strong></span> 
     </span>
     <span class='ocr_line' id='line_1_9' title="bbox 203 860 1426 917; baseline 0.002 -13"><span class='ocrx_word' id='word_1_48' title='bbox 203 863 324 917; x_wconf 88' lang='lat' dir='ltr'><strong>plum</strong></span> <span class='ocrx_word' id='word_1_49' title='bbox 362 862 582 916; x_wconf 84' lang='lat' dir='ltr'><strong>Sevigniae</strong></span> <span class='ocrx_word' id='word_1_50' title='bbox 613 872 655 904; x_wconf 86' lang='lat' dir='ltr'><strong>et</strong></span> <span class='ocrx_word' id='word_1_51' title='bbox 687 860 893 913; x_wconf 88' lang='lat' dir='ltr'><strong>Gellerti,</strong></span> <span class='ocrx_word' id='word_1_52' title='bbox 924 861 1151 915; x_wconf 86' lang='lat' dir='ltr'><strong>pingendis</strong></span> <span class='ocrx_word' id='word_1_53' title='bbox 1178 862 1426 907; x_wconf 84' lang='lat' dir='ltr'><strong>characteri·</strong></span> 
     </span>
     <span class='ocr_line' id='line_1_10' title="bbox 206 934 1432 990; baseline -0.004 -9"><span class='ocrx_word' id='word_1_54' title='bbox 206 938 290 981; x_wconf 87' lang='lat' dir='ltr'><strong>bus</strong></span> <span class='ocrx_word' id='word_1_55' title='bbox 311 938 653 980; x_wconf 87' lang='lat' dir='ltr'><strong>adimitationem</strong></span> <span class='ocrx_word' id='word_1_56' title='bbox 678 934 885 990; x_wconf 84' lang='lat' dir='ltr'><strong>Bruyerii.</strong></span> <span class='ocrx_word' id='word_1_57' title='bbox 947 935 1105 979; x_wconf 85' lang='lat' dir='ltr'><strong>Interea</strong></span> <span class='ocrx_word' id='word_1_58' title='bbox 1127 949 1234 990; x_wconf 90' lang='lat' dir='ltr'><strong>ego,</strong></span> <span class='ocrx_word' id='word_1_59' title='bbox 1267 940 1342 990; x_wconf 86' lang='lat' dir='ltr'><strong>qui</strong></span> <span class='ocrx_word' id='word_1_60' title='bbox 1363 952 1432 982; x_wconf 84' lang='lat' dir='ltr'><strong>se..</strong></span> 
     </span>
     <span class='ocr_line' id='line_1_11' title="bbox 206 1011 1430 1070; baseline 0.002 -13"><span class='ocrx_word' id='word_1_61' title='bbox 206 1015 382 1070; x_wconf 84' lang='lat' dir='ltr'><strong>paratim</strong></span> <span class='ocrx_word' id='word_1_62' title='bbox 419 1012 578 1055; x_wconf 84' lang='lat' dir='ltr'><strong>Graece</strong></span> <span class='ocrx_word' id='word_1_63' title='bbox 615 1012 849 1063; x_wconf 87' lang='lat' dir='ltr'><strong>Latineque</strong></span> <span class='ocrx_word' id='word_1_64' title='bbox 881 1011 1078 1063; x_wconf 89' lang='lat' dir='ltr'><strong>discens,</strong></span> <span class='ocrx_word' id='word_1_65' title='bbox 1120 1013 1349 1067; x_wconf 83' lang='lat' dir='ltr'><strong>Virgilium</strong></span> <span class='ocrx_word' id='word_1_66' title='bbox 1386 1025 1430 1059; x_wconf 88' lang='lat' dir='ltr'><strong>et</strong></span> 
     </span>
     <span class='ocr_line' id='line_1_12' title="bbox 204 1087 1429 1142; baseline -0.001 -9"><span class='ocrx_word' id='word_1_67' title='bbox 204 1090 438 1134; x_wconf 85' lang='lat' dir='ltr'><strong>Homerum</strong></span> <span class='ocrx_word' id='word_1_68' title='bbox 465 1087 766 1142; x_wconf 86' lang='lat' dir='ltr'><strong>cognovissem</strong></span> <span class='ocrx_word' id='word_1_69' title='bbox 785 1118 799 1139; x_wconf 91' lang='lat'><strong>‚</strong></span> <span class='ocrx_word' id='word_1_70' title='bbox 834 1088 1055 1129; x_wconf 86' lang='lat' dir='ltr'><strong>sororibus</strong></span> <span class='ocrx_word' id='word_1_71' title='bbox 1090 1099 1280 1140; x_wconf 85' lang='lat' dir='ltr'><strong>narrare,</strong></span> <span class='ocrx_word' id='word_1_72' title='bbox 1310 1090 1429 1135; x_wconf 83' lang='lat' dir='ltr'><strong>illam</strong></span> 
     </span>
     <span class='ocr_line' id='line_1_13' title="bbox 210 1161 1435 1215; baseline -0.004 -7"><span class='ocrx_word' id='word_1_73' title='bbox 210 1167 237 1210; x_wconf 69' lang='grc' dir='ltr'>ὲ</span> <span class='ocrx_word' id='word_1_74' title='bbox 262 1165 387 1208; x_wconf 88' lang='lat' dir='ltr'><strong>nobis</strong></span> <span class='ocrx_word' id='word_1_75' title='bbox 411 1166 559 1206; x_wconf 88' lang='lat' dir='ltr'><strong>lectam</strong></span> <span class='ocrx_word' id='word_1_76' title='bbox 581 1176 627 1205; x_wconf 87' lang='lat' dir='ltr'><strong>ac</strong></span> <span class='ocrx_word' id='word_1_77' title='bbox 653 1172 871 1215; x_wconf 85' lang='lat' dir='ltr'><strong>tantopere</strong></span> <span class='ocrx_word' id='word_1_78' title='bbox 889 1161 1095 1202; x_wconf 85' lang='lat' dir='ltr'><strong>laudatam</strong></span> <span class='ocrx_word' id='word_1_79' title='bbox 1115 1161 1294 1204; x_wconf 88' lang='lat' dir='ltr'><strong>Voltarii</strong></span> <span class='ocrx_word' id='word_1_80' title='bbox 1320 1165 1435 1208; x_wconf 81' lang='lat' dir='ltr'><strong>Hen-</strong></span> 
     </span>
     <span class='ocr_line' id='line_1_14' title="bbox 206 1238 1434 1291; baseline 0 -8"><span class='ocrx_word' id='word_1_81' title='bbox 206 1243 403 1287; x_wconf 75' lang='lat' dir='ltr'><strong>riciadem</strong></span> <span class='ocrx_word' id='word_1_82' title='bbox 438 1239 524 1281; x_wconf 87' lang='lat' dir='ltr'><strong>fere</strong></span> <span class='ocrx_word' id='word_1_83' title='bbox 556 1251 604 1280; x_wconf 87' lang='lat' dir='ltr'><strong>ex</strong></span> <span class='ocrx_word' id='word_1_84' title='bbox 634 1238 818 1280; x_wconf 80' lang='lat' dir='ltr'><strong>Aeneide</strong></span> <span class='ocrx_word' id='word_1_85' title='bbox 854 1249 1094 1290; x_wconf 86' lang='lat' dir='ltr'><strong>expressam</strong></span> <span class='ocrx_word' id='word_1_86' title='bbox 1128 1251 1248 1291; x_wconf 89' lang='lat' dir='ltr'><strong>esse,</strong></span> <span class='ocrx_word' id='word_1_87' title='bbox 1280 1241 1434 1283; x_wconf 89' lang='lat' dir='ltr'><strong>Aenei-</strong></span> 
     </span>
     <span class='ocr_line' id='line_1_15' title="bbox 207 1312 1432 1370; baseline 0.002 -11"><span class='ocrx_word' id='word_1_88' title='bbox 207 1318 298 1361; x_wconf 89' lang='lat' dir='ltr'><strong>dem</strong></span> <span class='ocrx_word' id='word_1_89' title='bbox 336 1328 386 1357; x_wconf 81' lang='lat' dir='ltr'><strong>ex</strong></span> <span class='ocrx_word' id='word_1_90' title='bbox 425 1313 553 1357; x_wconf 83' lang='lat' dir='ltr'><strong>Iliade</strong></span> <span class='ocrx_word' id='word_1_91' title='bbox 588 1323 628 1355; x_wconf 91' lang='lat' dir='ltr'><strong>et</strong></span> <span class='ocrx_word' id='word_1_92' title='bbox 660 1312 883 1366; x_wconf 80' lang='lat' dir='ltr'><strong>Odyssea:</strong></span> <span class='ocrx_word' id='word_1_93' title='bbox 915 1313 1012 1355; x_wconf 89' lang='lat' dir='ltr'><strong>illae</strong></span> <span class='ocrx_word' id='word_1_94' title='bbox 1035 1314 1203 1368; x_wconf 86' lang='lat' dir='ltr'><strong>mirari,</strong></span> <span class='ocrx_word' id='word_1_95' title='bbox 1236 1328 1432 1370; x_wconf 84' lang='lat' dir='ltr'><strong>quaerere</strong></span> 
     </span>
     <span class='ocr_line' id='line_1_16' title="bbox 207 1388 1433 1448; baseline 0.001 -12"><span class='ocrx_word' id='word_1_96' title='bbox 207 1391 385 1437; x_wconf 86' lang='lat' dir='ltr'><strong>Homeri</strong></span> <span class='ocrx_word' id='word_1_97' title='bbox 417 1389 677 1445; x_wconf 86' lang='lat' dir='ltr'><strong>Virgiliique</strong></span> <span class='ocrx_word' id='word_1_98' title='bbox 704 1389 888 1433; x_wconf 88' lang='lat' dir='ltr'><strong>car-mina</strong></span> <span class='ocrx_word' id='word_1_99' title='bbox 913 1388 1078 1433; x_wconf 83' lang='lat' dir='ltr'><strong>Gallice</strong></span> <span class='ocrx_word' id='word_1_100' title='bbox 1103 1391 1286 1436; x_wconf 71' lang='lat' dir='ltr'><strong>redditaz</strong></span> <span class='ocrx_word' id='word_1_101' title='bbox 1321 1395 1433 1448; x_wconf 86' lang='lat' dir='ltr'><strong>lege-</strong></span> 
     </span>
     <span class='ocr_line' id='line_1_17' title="bbox 208 1453 1432 1521; baseline 0.002 -9"><span class='ocrx_word' id='word_1_102' title='bbox 208 1482 282 1520; x_wconf 87' lang='lat' dir='ltr'><strong>re,</strong></span> <span class='ocrx_word' id='word_1_103' title='bbox 328 1481 430 1510; x_wconf 80' lang='lat' dir='ltr'><strong>mox</strong></span> <span class='ocrx_word' id='word_1_104' title='bbox 466 1468 488 1510; x_wconf 78' lang='grc' dir='ltr'><strong>ὲ</strong></span> <span class='ocrx_word' id='word_1_105' title='bbox 529 1465 723 1509; x_wconf 86' lang='lat' dir='ltr'><strong>manibus</strong></span> <span class='ocrx_word' id='word_1_106' title='bbox 767 1468 1000 1521; x_wconf 86' lang='lat' dir='ltr'><strong>deponere,</strong></span> <span class='ocrx_word' id='word_1_107' title='bbox 1043 1453 1248 1521; x_wconf 85' lang='lat' dir='ltr'><strong>praeferre</strong></span> <span class='ocrx_word' id='word_1_108' title='bbox 1282 1469 1432 1515; x_wconf 88' lang='lat' dir='ltr'><strong>Volta-</strong></span> 
     </span>
     <span class='ocr_line' id='line_1_18' title="bbox 205 1541 1435 1597; baseline 0.002 -10"><span class='ocrx_word' id='word_1_109' title='bbox 205 1546 344 1594; x_wconf 83' lang='lat' dir='ltr'><strong>tium,</strong></span> <span class='ocrx_word' id='word_1_110' title='bbox 376 1543 560 1586; x_wconf 88' lang='lat' dir='ltr'><strong>dicentes</strong></span> <span class='ocrx_word' id='word_1_111' title='bbox 609 1541 741 1582; x_wconf 89' lang='lat' dir='ltr'><strong>videri</strong></span> <span class='ocrx_word' id='word_1_112' title='bbox 766 1551 929 1594; x_wconf 87' lang='lat' dir='ltr'><strong>poetam</strong></span> <span class='ocrx_word' id='word_1_113' title='bbox 956 1553 1165 1595; x_wconf 89' lang='lat' dir='ltr'><strong>quemque</strong></span> <span class='ocrx_word' id='word_1_114' title='bbox 1187 1543 1326 1597; x_wconf 86' lang='lat' dir='ltr'><strong>ipsum</strong></span> <span class='ocrx_word' id='word_1_115' title='bbox 1355 1557 1435 1590; x_wconf 81' lang='lat' dir='ltr'><strong>sua</strong></span> 
     </span>
     <span class='ocr_line' id='line_1_19' title="bbox 211 1615 1435 1672; baseline 0.004 -12"><span class='ocrx_word' id='word_1_116' title='bbox 211 1618 356 1672; x_wconf 64' lang='lat' dir='ltr'><strong>lingua</strong></span> <span class='ocrx_word' id='word_1_117' title='bbox 393 1625 578 1658; x_wconf 86' lang='lat' dir='ltr'><strong>utentem</strong></span> <span class='ocrx_word' id='word_1_118' title='bbox 614 1615 833 1669; x_wconf 86' lang='lat' dir='ltr'><strong>legendum</strong></span> <span class='ocrx_word' id='word_1_119' title='bbox 859 1627 966 1659; x_wconf 88' lang='lat' dir='ltr'><strong>esse.</strong></span> <span class='ocrx_word' id='word_1_120' title='bbox 1027 1617 1158 1672; x_wconf 85' lang='lat' dir='ltr'><strong>Quod</strong></span> <span class='ocrx_word' id='word_1_121' title='bbox 1178 1618 1215 1660; x_wconf 86' lang='lat' dir='ltr'><strong>si</strong></span> <span class='ocrx_word' id='word_1_122' title='bbox 1236 1630 1330 1663; x_wconf 86' lang='lat' dir='ltr'><strong>sors</strong></span> <span class='ocrx_word' id='word_1_123' title='bbox 1354 1634 1435 1664; x_wconf 85' lang='lat' dir='ltr'><strong>no-</strong></span> 
     </span>
     <span class='ocr_line' id='line_1_20' title="bbox 209 1692 1431 1749; baseline 0.002 -11"><span class='ocrx_word' id='word_1_124' title='bbox 209 1706 296 1738; x_wconf 87' lang='lat' dir='ltr'><strong>stra</strong></span> <span class='ocrx_word' id='word_1_125' title='bbox 342 1707 419 1737; x_wconf 85' lang='lat' dir='ltr'><strong>nos</strong></span> <span class='ocrx_word' id='word_1_126' title='bbox 455 1692 619 1736; x_wconf 87' lang='lat' dir='ltr'><strong>diutius</strong></span> <span class='ocrx_word' id='word_1_127' title='bbox 656 1694 740 1734; x_wconf 76' lang='lat' dir='ltr'><strong>una</strong></span> <span class='ocrx_word' id='word_1_128' title='bbox 773 1704 937 1735; x_wconf 89' lang='lat' dir='ltr'><strong>manere</strong></span> <span class='ocrx_word' id='word_1_129' title='bbox 970 1694 1168 1749; x_wconf 87' lang='lat' dir='ltr'><strong>sivisset,</strong></span> <span class='ocrx_word' id='word_1_130' title='bbox 1199 1697 1313 1739; x_wconf 89' lang='lat' dir='ltr'><strong>haud</strong></span> <span class='ocrx_word' id='word_1_131' title='bbox 1340 1699 1431 1747; x_wconf 87' lang='lat' dir='ltr'><strong>scio</strong></span> 
     </span>
     <span class='ocr_line' id='line_1_21' title="bbox 211 1772 1429 1833; baseline 0.002 -15"><span class='ocrx_word' id='word_1_132' title='bbox 211 1788 265 1818; x_wconf 83' lang='lat' dir='ltr'><strong>an</strong></span> <span class='ocrx_word' id='word_1_133' title='bbox 289 1774 448 1817; x_wconf 86' lang='lat' dir='ltr'><strong>Graece</strong></span> <span class='ocrx_word' id='word_1_134' title='bbox 469 1772 706 1825; x_wconf 85' lang='lat' dir='ltr'><strong>Latineque</strong></span> <span class='ocrx_word' id='word_1_135' title='bbox 733 1772 999 1818; x_wconf 80' lang='lat' dir='ltr'><strong>didicissent.</strong></span> <span class='ocrx_word' id='word_1_136' title='bbox 1058 1773 1117 1816; x_wconf 89' lang='lat' dir='ltr'><strong>Et</strong></span> <span class='ocrx_word' id='word_1_137' title='bbox 1142 1774 1203 1816; x_wconf 90' lang='lat' dir='ltr'><strong>sic</strong></span> <span class='ocrx_word' id='word_1_138' title='bbox 1226 1789 1429 1833; x_wconf 89' lang='lat' dir='ltr'><strong>quoque,</strong></span> 
     </span>
     <span class='ocr_line' id='line_1_22' title="bbox 207 1846 1437 1902; baseline 0.002 -6"><span class='ocrx_word' id='word_1_139' title='bbox 207 1863 259 1896; x_wconf 89' lang='lat' dir='ltr'><strong>ut</strong></span> <span class='ocrx_word' id='word_1_140' title='bbox 295 1850 513 1902; x_wconf 87' lang='lat' dir='ltr'><strong>mulieres,</strong></span> <span class='ocrx_word' id='word_1_141' title='bbox 545 1850 695 1892; x_wconf 89' lang='lat' dir='ltr'><strong>doctae</strong></span> <span class='ocrx_word' id='word_1_142' title='bbox 729 1862 769 1891; x_wconf 89' lang='lat' dir='ltr'><strong>et</strong></span> <span class='ocrx_word' id='word_1_143' title='bbox 803 1860 919 1892; x_wconf 86' lang='lat' dir='ltr'><strong>erant</strong></span> <span class='ocrx_word' id='word_1_144' title='bbox 945 1859 984 1891; x_wconf 90' lang='lat' dir='ltr'><strong>et</strong></span> <span class='ocrx_word' id='word_1_145' title='bbox 1008 1850 1287 1897; x_wconf 89' lang='lat' dir='ltr'><strong>habebantur.</strong></span> <span class='ocrx_word' id='word_1_146' title='bbox 1345 1846 1437 1900; x_wconf 53' lang='lat' dir='ltr'><strong>Mi}</strong></span> 
     </span>
     <span class='ocr_line' id='line_1_23' title="bbox 209 1912 1437 1984; baseline 0.003 -11"><span class='ocrx_word' id='word_1_147' title='bbox 209 1940 354 1973; x_wconf 84' lang='lat' dir='ltr'><strong>norem</strong></span> <span class='ocrx_word' id='word_1_148' title='bbox 388 1927 510 1970; x_wconf 86' lang='lat' dir='ltr'><strong>etiam</strong></span> <span class='ocrx_word' id='word_1_149' title='bbox 545 1924 683 1968; x_wconf 76' lang='lat' dir='ltr'><strong>forma</strong></span> <span class='ocrx_word' id='word_1_150' title='bbox 721 1927 1052 1970; x_wconf 86' lang='lat' dir='ltr'><strong>commendatam</strong></span> <span class='ocrx_word' id='word_1_151' title='bbox 1088 1930 1214 1971; x_wconf 86' lang='lat' dir='ltr'><strong>multi</strong></span> <span class='ocrx_word' id='word_1_152' title='bbox 1236 1912 1437 1984; x_wconf 82' lang='lat' dir='ltr'><strong>petebant</strong></span> 
     </span>
     <span class='ocr_line' id='line_1_24' title="bbox 210 2002 1436 2062; baseline 0.005 -15"><span class='ocrx_word' id='word_1_153' title='bbox 210 2004 360 2062; x_wconf 85' lang='lat' dir='ltr'><strong>proci:</strong></span> <span class='ocrx_word' id='word_1_154' title='bbox 402 2014 583 2056; x_wconf 88' lang='lat' dir='ltr'><strong>quorum</strong></span> <span class='ocrx_word' id='word_1_155' title='bbox 623 2002 694 2043; x_wconf 91' lang='lat' dir='ltr'><strong>illa</strong></span> <span class='ocrx_word' id='word_1_156' title='bbox 736 2012 921 2044; x_wconf 83' lang='lat' dir='ltr'><strong>caeteros</strong></span> <span class='ocrx_word' id='word_1_157' title='bbox 964 2011 1012 2044; x_wconf 92' lang='lat' dir='ltr'><strong>ut</strong></span> <span class='ocrx_word' id='word_1_158' title='bbox 1051 2016 1198 2056; x_wconf 89' lang='lat' dir='ltr'><strong>parum</strong></span> <span class='ocrx_word' id='word_1_159' title='bbox 1244 2006 1436 2053; x_wconf 86' lang='lat' dir='ltr'><strong>literatos</strong></span> 
     </span>
     <span class='ocr_line' id='line_1_25' title="bbox 198 2077 1435 2132; baseline 0.003 -8"><span class='ocrx_word' id='word_1_160' title='bbox 198 2078 534 2124; x_wconf 83' lang='lat' dir='ltr'><strong>contemnebat:</strong></span> <span class='ocrx_word' id='word_1_161' title='bbox 572 2091 659 2123; x_wconf 79' lang='lat' dir='ltr'><strong>uno</strong></span> <span class='ocrx_word' id='word_1_162' title='bbox 695 2087 874 2132; x_wconf 85' lang='lat' dir='ltr'><strong>excepto</strong></span> <span class='ocrx_word' id='word_1_163' title='bbox 893 2108 908 2130; x_wconf 86' lang='lat'><strong>,</strong></span> <span class='ocrx_word' id='word_1_164' title='bbox 940 2077 1016 2132; x_wconf 89' lang='lat' dir='ltr'><strong>qui</strong></span> <span class='ocrx_word' id='word_1_165' title='bbox 1041 2089 1080 2122; x_wconf 89' lang='lat' dir='ltr'><strong>et</strong></span> <span class='ocrx_word' id='word_1_166' title='bbox 1104 2079 1261 2125; x_wconf 87' lang='lat' dir='ltr'><strong>Literis</strong></span> <span class='ocrx_word' id='word_1_167' title='bbox 1282 2093 1323 2126; x_wconf 88' lang='lat' dir='ltr'><strong>et</strong></span> <span class='ocrx_word' id='word_1_168' title='bbox 1345 2098 1435 2128; x_wconf 84' lang='lat' dir='ltr'><strong>mo-</strong></span> 
     </span>
     <span class='ocr_line' id='line_1_26' title="bbox 208 2155 1436 2214; baseline -0.004 -12"><span class='ocrx_word' id='word_1_169' title='bbox 208 2159 330 2202; x_wconf 85' lang='lat' dir='ltr'><strong>ribus</strong></span> <span class='ocrx_word' id='word_1_170' title='bbox 358 2157 552 2199; x_wconf 81' lang='lat' dir='ltr'><strong>amabilis</strong></span> <span class='ocrx_word' id='word_1_171' title='bbox 580 2156 821 2208; x_wconf 83' lang='lat' dir='ltr'><strong>videretur,</strong></span> <span class='ocrx_word' id='word_1_172' title='bbox 852 2155 1057 2208; x_wconf 82' lang='lat' dir='ltr'><strong>Salchlii,</strong></span> <span class='ocrx_word' id='word_1_173' title='bbox 1088 2159 1274 2212; x_wconf 77' lang='lat' dir='ltr'><strong>collegae</strong></span> <span class='ocrx_word' id='word_1_174' title='bbox 1296 2173 1436 2214; x_wconf 69' lang='lat' dir='ltr'><strong>quon-</strong></span> 
     </span>
     <span class='ocr_line' id='line_1_27' title="bbox 211 2231 1435 2292; baseline 0.003 -17"><span class='ocrx_word' id='word_1_175' title='bbox 211 2234 304 2275; x_wconf 89' lang='lat' dir='ltr'><strong>dam</strong></span> <span class='ocrx_word' id='word_1_176' title='bbox 337 2234 466 2287; x_wconf 90' lang='lat' dir='ltr'><strong>patris</strong></span> <span class='ocrx_word' id='word_1_177' title='bbox 503 2232 584 2275; x_wconf 88' lang='lat' dir='ltr'><strong>mei</strong></span> <span class='ocrx_word' id='word_1_178' title='bbox 621 2232 664 2274; x_wconf 92' lang='lat' dir='ltr'><strong>in</strong></span> <span class='ocrx_word' id='word_1_179' title='bbox 700 2231 965 2285; x_wconf 88' lang='lat' dir='ltr'><strong>Theologiae</strong></span> <span class='ocrx_word' id='word_1_180' title='bbox 991 2232 1186 2275; x_wconf 87' lang='lat' dir='ltr'><strong>cathedra</strong></span> <span class='ocrx_word' id='word_1_181' title='bbox 1206 2234 1435 2292; x_wconf 88' lang='lat' dir='ltr'><strong>Bernensi,</strong></span> 
     </span>
     <span class='ocr_line' id='line_1_28' title="bbox 196 2307 1433 2362; baseline 0.004 -12"><span class='ocrx_word' id='word_1_182' title='bbox 196 2307 329 2350; x_wconf 76' lang='lat' dir='ltr'><strong>&#39;filioz</strong></span> <span class='ocrx_word' id='word_1_183' title='bbox 363 2307 623 2361; x_wconf 49' lang='lat' dir='ltr'><strong>cuius,1ut,</strong></span> <span class='ocrx_word' id='word_1_184' title='bbox 655 2316 831 2360; x_wconf 84' lang='lat' dir='ltr'><strong>poetae,</strong></span> <span class='ocrx_word' id='word_1_185' title='bbox 864 2307 977 2348; x_wconf 89' lang='lat' dir='ltr'><strong>haud</strong></span> <span class='ocrx_word' id='word_1_186' title='bbox 999 2307 1147 2362; x_wconf 81' lang='lat' dir='ltr'><strong>exigua</strong></span> <span class='ocrx_word' id='word_1_187' title='bbox 1183 2311 1345 2354; x_wconf 88' lang='lat' dir='ltr'><strong>exstitit</strong></span> <span class='ocrx_word' id='word_1_188' title='bbox 1371 2313 1433 2356; x_wconf 86' lang='lat' dir='ltr'><strong>fa-</strong></span> 
     </span>
     <span class='ocr_line' id='line_1_29' title="bbox 193 2383 1429 2445; baseline 0.005 -19"><span class='ocrx_word' id='word_1_189' title='bbox 193 2389 278 2427; x_wconf 70' lang='lat' dir='ltr'><strong>‘ma</strong></span> <span class='ocrx_word' id='word_1_190' title='bbox 294 2414 310 2436; x_wconf 92' lang='lat'><strong>,</strong></span> <span class='ocrx_word' id='word_1_191' title='bbox 342 2393 383 2425; x_wconf 87' lang='lat' dir='ltr'><strong>et</strong></span> <span class='ocrx_word' id='word_1_192' title='bbox 404 2396 483 2425; x_wconf 85' lang='lat' dir='ltr'><strong>nos</strong></span> <span class='ocrx_word' id='word_1_193' title='bbox 503 2396 668 2444; x_wconf 83' lang='lat' dir='ltr'><strong>carmen</strong></span> <span class='ocrx_word' id='word_1_194' title='bbox 692 2383 760 2424; x_wconf 79' lang='lat' dir='ltr'><strong>Dc</strong></span> <span class='ocrx_word' id='word_1_195' title='bbox 786 2383 911 2426; x_wconf 85' lang='lat' dir='ltr'><strong>Malo</strong></span> <span class='ocrx_word' id='word_1_196' title='bbox 940 2387 1265 2445; x_wconf 82' lang='lat' dir='ltr'><strong>memoravimus</strong></span> <span class='ocrx_word' id='word_1_197' title='bbox 1289 2389 1334 2432; x_wconf 90' lang='lat' dir='ltr'><strong>in</strong></span> <span class='ocrx_word' id='word_1_198' title='bbox 1355 2388 1429 2432; x_wconf 88' lang='lat' dir='ltr'><strong>Bi-</strong></span> 
     </span>
     <span class='ocr_line' id='line_1_30' title="bbox 216 2456 1440 2523; baseline 0.007 -21"><span class='ocrx_word' id='word_1_199' title='bbox 216 2461 451 2504; x_wconf 88' lang='lat' dir='ltr'><strong>bliothecae</strong></span> <span class='ocrx_word' id='word_1_200' title='bbox 489 2461 600 2505; x_wconf 85' lang='lat' dir='ltr'><strong>Crit.</strong></span> <span class='ocrx_word' id='word_1_201' title='bbox 642 2462 690 2504; x_wconf 88' lang='grc' dir='ltr'><strong>Ρ.</strong></span> <span class='ocrx_word' id='word_1_202' title='bbox 723 2475 785 2513; x_wconf 83' lang='lat' dir='ltr'><strong>x,</strong></span> <span class='ocrx_word' id='word_1_203' title='bbox 826 2474 873 2514; x_wconf 83' lang='lat' dir='ltr'><strong>p.</strong></span> <span class='ocrx_word' id='word_1_204' title='bbox 907 2472 1028 2516; x_wconf 51' lang='lat'><em>*1353</em></span> <span class='ocrx_word' id='word_1_205' title='bbox 1072 2475 1260 2515; x_wconf 84' lang='lat' dir='ltr'><strong>quocum</strong></span> <span class='ocrx_word' id='word_1_206' title='bbox 1304 2456 1440 2523; x_wconf 82' lang='lat' dir='ltr'><strong>nupta</strong></span> 
     </span>
     <span class='ocr_line' id='line_1_31' title="bbox 224 2537 1438 2595; baseline 0.003 -13"><span class='ocrx_word' id='word_1_207' title='bbox 224 2545 312 2582; x_wconf 77' lang='lat' dir='ltr'><strong>tres</strong></span> <span class='ocrx_word' id='word_1_208' title='bbox 328 2547 366 2580; x_wconf 87' lang='lat' dir='ltr'><strong>ct</strong></span> <span class='ocrx_word' id='word_1_209' title='bbox 391 2538 662 2595; x_wconf 83' lang='lat' dir='ltr'><strong>quadraginta</strong></span> <span class='ocrx_word' id='word_1_210' title='bbox 683 2550 818 2582; x_wconf 89' lang='lat' dir='ltr'><strong>annos</strong></span> <span class='ocrx_word' id='word_1_211' title='bbox 845 2537 890 2580; x_wconf 88' lang='lat' dir='ltr'><strong>in</strong></span> <span class='ocrx_word' id='word_1_212' title='bbox 915 2537 1108 2582; x_wconf 85' lang='lat' dir='ltr'><strong>Helvetia</strong></span> <span class='ocrx_word' id='word_1_213' title='bbox 1123 2569 1139 2594; x_wconf 83' lang='lat'><strong>,</strong></span> <span class='ocrx_word' id='word_1_214' title='bbox 1159 2540 1267 2584; x_wconf 86' lang='lat' dir='ltr'><strong>obiit</strong></span> <span class='ocrx_word' id='word_1_215' title='bbox 1286 2542 1328 2585; x_wconf 88' lang='lat' dir='ltr'><strong>d.</strong></span> <span class='ocrx_word' id='word_1_216' title='bbox 1355 2555 1438 2588; x_wconf 77' lang='lat' dir='ltr'><strong>&gt;nv</strong></span> 
     </span>
    </p>
   </div>
   <div class='ocr_carea' id='block_1_3' title="bbox 873 2609 1441 2672">
    <p class='ocr_par' dir='ltr' id='par_1_3' title="bbox 873 2609 1441 2672">
     <span class='ocr_line' id='line_1_32' title="bbox 873 2609 1441 2672; baseline 0.005 -11"><span class='ocrx_word' id='word_1_217' title='bbox 873 2609 911 2654; x_wconf 90' lang='lat' dir='ltr'>Y</span> <span class='ocrx_word' id='word_1_218' title='bbox 937 2620 967 2667; x_wconf 78' lang='grc'><em>5</em></span> <span class='ocrx_word' id='word_1_219' title='bbox 1365 2615 1441 2672; x_wconf 65' lang='lat' dir='ltr'><strong>Jua</strong></span> 
     </span>
    </p>
   </div>
  </div>
 </body>
</html>
