<?xml version="1.0" encoding="UTF-8"?>
<!DOCTYPE html PUBLIC "-//W3C//DTD XHTML 1.0 Transitional//EN"
    "http://www.w3.org/TR/xhtml1/DTD/xhtml1-transitional.dtd">
<html xmlns="http://www.w3.org/1999/xhtml" xml:lang="en" lang="en">
 <head>
  <title>
</title>
<meta http-equiv="Content-Type" content="text/html;charset=utf-8" />
  <meta name='ocr-system' content='tesseract 3.04.00' />
  <meta name='ocr-capabilities' content='ocr_page ocr_carea ocr_par ocr_line ocrx_word'/>
</head>
<body>
  <div class='ocr_page' id='page_1' title='image "./opusculavariiarg02wytt/opusculavariiarg02wytt_0261.png"; bbox 0 0 1693 3110; ppageno 0'>
   <div class='ocr_carea' id='block_1_1' title="bbox 218 157 1386 218">
    <p class='ocr_par' dir='ltr' id='par_1_1' title="bbox 218 157 1386 218">
     <span class='ocr_line' id='line_1_1' title="bbox 218 157 1386 218; baseline -0.004 -8"><span class='ocrx_word' id='word_1_1' title='bbox 218 163 452 211; x_wconf 76' lang='lat' dir='ltr'><strong>ANNOT.</strong></span> <span class='ocrx_word' id='word_1_2' title='bbox 479 175 540 206; x_wconf 76' lang='lat' dir='ltr'><strong>AD</strong></span> <span class='ocrx_word' id='word_1_3' title='bbox 560 163 603 218; x_wconf 92' lang='lat' dir='ltr'><strong>J.</strong></span> <span class='ocrx_word' id='word_1_4' title='bbox 632 157 789 204; x_wconf 83' lang='lat' dir='ltr'>BAKII</span> <span class='ocrx_word' id='word_1_5' title='bbox 815 157 924 203; x_wconf 82' lang='lat' dir='ltr'><strong>Llss.</strong></span> <span class='ocrx_word' id='word_1_6' title='bbox 949 157 1028 201; x_wconf 89' lang='lat' dir='ltr'><strong>DE</strong></span> <span class='ocrx_word' id='word_1_7' title='bbox 1052 158 1239 204; x_wconf 81' lang='lat' dir='ltr'><strong>POSID.</strong></span> <span class='ocrx_word' id='word_1_8' title='bbox 1299 173 1386 218; x_wconf 73' lang='lat'><strong>243</strong></span> 
     </span>
    </p>
   </div>
   <div class='ocr_carea' id='block_1_2' title="bbox 161 279 1410 2555">
    <p class='ocr_par' dir='ltr' id='par_1_2' title="bbox 161 279 1401 868">
     <span class='ocr_line' id='line_1_2' title="bbox 161 279 1378 338; baseline -0.006 -8"><span class='ocrx_word' id='word_1_9' title='bbox 161 286 300 332; x_wconf 76' lang='lat' dir='ltr'><strong>severi</strong></span> <span class='ocrx_word' id='word_1_10' title='bbox 335 284 527 338; x_wconf 89' lang='lat' dir='ltr'><strong>quamvis</strong></span> <span class='ocrx_word' id='word_1_11' title='bbox 562 280 718 336; x_wconf 85' lang='lat' dir='ltr'><strong>judicis</strong></span> <span class='ocrx_word' id='word_1_12' title='bbox 753 293 926 324; x_wconf 84' lang='lat' dir='ltr'>acumen</span> <span class='ocrx_word' id='word_1_13' title='bbox 961 293 1049 324; x_wconf 90' lang='lat' dir='ltr'><strong>non</strong></span> <span class='ocrx_word' id='word_1_14' title='bbox 1075 279 1378 324; x_wconf 79' lang='lat' dir='ltr'><strong>reformidaret.</strong></span> 
     </span>
     <span class='ocr_line' id='line_1_3' title="bbox 163 357 1387 414; baseline -0.005 -8"><span class='ocrx_word' id='word_1_15' title='bbox 163 364 310 414; x_wconf 82' lang='lat' dir='ltr'>Atque</span> <span class='ocrx_word' id='word_1_16' title='bbox 344 362 405 406; x_wconf 88' lang='lat' dir='ltr'><strong>sic</strong></span> <span class='ocrx_word' id='word_1_17' title='bbox 443 359 606 403; x_wconf 85' lang='lat' dir='ltr'><strong>evenit:</strong></span> <span class='ocrx_word' id='word_1_18' title='bbox 649 357 838 401; x_wconf 89' lang='lat' dir='ltr'><strong>libellum</strong></span> <span class='ocrx_word' id='word_1_19' title='bbox 875 368 995 399; x_wconf 89' lang='lat' dir='ltr'><strong>tuum</strong></span> <span class='ocrx_word' id='word_1_20' title='bbox 1028 367 1076 400; x_wconf 90' lang='lat' dir='ltr'><strong>ut</strong></span> <span class='ocrx_word' id='word_1_21' title='bbox 1109 358 1292 410; x_wconf 78' lang='lat' dir='ltr'><strong>perlegi,</strong></span> <span class='ocrx_word' id='word_1_22' title='bbox 1326 357 1387 400; x_wconf 80' lang='lat' dir='ltr'><strong>ita</strong></span> 
     </span>
     <span class='ocr_line' id='line_1_4' title="bbox 167 434 1386 489; baseline -0.006 -8"><span class='ocrx_word' id='word_1_23' title='bbox 167 452 262 481; x_wconf 87' lang='lat' dir='ltr'><strong>eum</strong></span> <span class='ocrx_word' id='word_1_24' title='bbox 289 440 406 481; x_wconf 88' lang='lat' dir='ltr'><strong>talem</strong></span> <span class='ocrx_word' id='word_1_25' title='bbox 435 434 650 489; x_wconf 82' lang='lat' dir='ltr'><strong>cognovi,</strong></span> <span class='ocrx_word' id='word_1_26' title='bbox 683 434 756 485; x_wconf 90' lang='lat' dir='ltr'><strong>qui</strong></span> <span class='ocrx_word' id='word_1_27' title='bbox 784 446 896 475; x_wconf 88' lang='lat' dir='ltr'><strong>meae</strong></span> <span class='ocrx_word' id='word_1_28' title='bbox 924 446 1073 476; x_wconf 88' lang='lat' dir='ltr'><strong>manus</strong></span> <span class='ocrx_word' id='word_1_29' title='bbox 1098 435 1386 479; x_wconf 83' lang='lat' dir='ltr'><strong>accessionem</strong></span> 
     </span>
     <span class='ocr_line' id='line_1_5' title="bbox 165 509 1389 566; baseline -0.006 -7"><span class='ocrx_word' id='word_1_30' title='bbox 165 528 253 559; x_wconf 84' lang='lat' dir='ltr'><strong>non</strong></span> <span class='ocrx_word' id='word_1_31' title='bbox 292 514 533 566; x_wconf 85' lang='lat' dir='ltr'><strong>requireret.</strong></span> <span class='ocrx_word' id='word_1_32' title='bbox 592 510 672 552; x_wconf 88' lang='lat' dir='ltr'><strong>Est</strong></span> <span class='ocrx_word' id='word_1_33' title='bbox 696 510 827 563; x_wconf 78' lang='lat' dir='ltr'><strong>igitur</strong></span> <span class='ocrx_word' id='word_1_34' title='bbox 861 511 952 564; x_wconf 83' lang='lat' dir='ltr'><strong>eJ’us</strong></span> <span class='ocrx_word' id='word_1_35' title='bbox 976 509 1193 562; x_wconf 88' lang='lat' dir='ltr'><strong>confecti,</strong></span> <span class='ocrx_word' id='word_1_36' title='bbox 1227 510 1389 564; x_wconf 84' lang='lat' dir='ltr'><strong>integra.</strong></span> 
     </span>
     <span class='ocr_line' id='line_1_6' title="bbox 170 585 1390 645; baseline -0.004 -11"><span class='ocrx_word' id='word_1_37' title='bbox 170 590 428 645; x_wconf 87' lang='lat' dir='ltr'><strong>propriaque</strong></span> <span class='ocrx_word' id='word_1_38' title='bbox 442 598 514 632; x_wconf 85' lang='lat' dir='ltr'><strong>tua</strong></span> <span class='ocrx_word' id='word_1_39' title='bbox 537 587 646 632; x_wconf 83' lang='lat' dir='ltr'><strong>laus,</strong></span> <span class='ocrx_word' id='word_1_40' title='bbox 687 585 746 628; x_wconf 92' lang='lat' dir='ltr'><strong>Et</strong></span> <span class='ocrx_word' id='word_1_41' title='bbox 766 586 884 638; x_wconf 89' lang='lat' dir='ltr'><strong>quod</strong></span> <span class='ocrx_word' id='word_1_42' title='bbox 905 599 1018 628; x_wconf 89' lang='lat' dir='ltr'><strong>nunc</strong></span> <span class='ocrx_word' id='word_1_43' title='bbox 1048 586 1267 638; x_wconf 89' lang='lat' dir='ltr'><strong>adscribo,</strong></span> <span class='ocrx_word' id='word_1_44' title='bbox 1302 599 1390 629; x_wconf 85' lang='lat' dir='ltr'><strong>ma·</strong></span> 
     </span>
     <span class='ocr_line' id='line_1_7' title="bbox 167 662 1391 721; baseline -0.004 -12"><span class='ocrx_word' id='word_1_45' title='bbox 167 667 233 721; x_wconf 86' lang='lat' dir='ltr'><strong>gis</strong></span> <span class='ocrx_word' id='word_1_46' title='bbox 256 667 364 709; x_wconf 87' lang='lat' dir='ltr'><strong>illud</strong></span> <span class='ocrx_word' id='word_1_47' title='bbox 386 665 658 708; x_wconf 85' lang='lat' dir='ltr'><strong>honorarium</strong></span> <span class='ocrx_word' id='word_1_48' title='bbox 686 675 809 716; x_wconf 88' lang='lat' dir='ltr'><strong>quam</strong></span> <span class='ocrx_word' id='word_1_49' title='bbox 834 662 1116 704; x_wconf 90' lang='lat' dir='ltr'><strong>necessarium</strong></span> <span class='ocrx_word' id='word_1_50' title='bbox 1138 693 1153 714; x_wconf 84' lang='lat'><strong>,</strong></span> <span class='ocrx_word' id='word_1_51' title='bbox 1185 673 1273 704; x_wconf 90' lang='lat' dir='ltr'><strong>non</strong></span> <span class='ocrx_word' id='word_1_52' title='bbox 1306 672 1391 704; x_wconf 84' lang='lat' dir='ltr'><strong>tam</strong></span> 
     </span>
     <span class='ocr_line' id='line_1_8' title="bbox 169 737 1401 796; baseline -0.004 -11"><span class='ocrx_word' id='word_1_53' title='bbox 169 744 222 785; x_wconf 85' lang='lat' dir='ltr'><strong>ad</strong></span> <span class='ocrx_word' id='word_1_54' title='bbox 251 754 400 796; x_wconf 87' lang='lat' dir='ltr'><strong>operae</strong></span> <span class='ocrx_word' id='word_1_55' title='bbox 424 751 517 783; x_wconf 82' lang='lat' dir='ltr'><strong>tuae</strong></span> <span class='ocrx_word' id='word_1_56' title='bbox 548 741 887 792; x_wconf 88' lang='lat' dir='ltr'><strong>supplementum</strong></span> <span class='ocrx_word' id='word_1_57' title='bbox 904 769 919 791; x_wconf 88' lang='lat'><strong>,</strong></span> <span class='ocrx_word' id='word_1_58' title='bbox 952 750 1077 792; x_wconf 89' lang='lat' dir='ltr'><strong>quam</strong></span> <span class='ocrx_word' id='word_1_59' title='bbox 1100 737 1152 780; x_wconf 88' lang='lat' dir='ltr'><strong>ad</strong></span> <span class='ocrx_word' id='word_1_60' title='bbox 1174 737 1401 791; x_wconf 66' lang='lat' dir='ltr'><strong>bibliopo-</strong></span> 
     </span>
     <span class='ocr_line' id='line_1_9' title="bbox 165 816 803 868; baseline -0.009 -5"><span class='ocrx_word' id='word_1_61' title='bbox 165 820 229 863; x_wconf 87' lang='lat' dir='ltr'><strong>lae</strong></span> <span class='ocrx_word' id='word_1_62' title='bbox 256 819 584 861; x_wconf 88' lang='lat' dir='ltr'><strong>emolumentum</strong></span> <span class='ocrx_word' id='word_1_63' title='bbox 607 816 803 868; x_wconf 79' lang='lat' dir='ltr'><strong>pertinet.</strong></span> 
     </span>
    </p>

    <p class='ocr_par' dir='ltr' id='par_1_3' title="bbox 169 891 1410 2555">
     <span class='ocr_line' id='line_1_10' title="bbox 227 891 1404 947; baseline -0.004 -10"><span class='ocrx_word' id='word_1_64' title='bbox 227 895 339 938; x_wconf 88' lang='lat' dir='ltr'><strong>Nam</strong></span> <span class='ocrx_word' id='word_1_65' title='bbox 362 903 403 934; x_wconf 91' lang='lat' dir='ltr'><strong>et</strong></span> <span class='ocrx_word' id='word_1_66' title='bbox 426 894 554 947; x_wconf 86' lang='lat' dir='ltr'><strong>huJ‘us</strong></span> <span class='ocrx_word' id='word_1_67' title='bbox 580 893 690 945; x_wconf 89' lang='lat' dir='ltr'><strong>apud</strong></span> <span class='ocrx_word' id='word_1_68' title='bbox 721 904 832 943; x_wconf 85' lang='lat' dir='ltr'><strong>nos,</strong></span> <span class='ocrx_word' id='word_1_69' title='bbox 862 891 1153 934; x_wconf 83' lang='lat' dir='ltr'><strong>honestissimi</strong></span> <span class='ocrx_word' id='word_1_70' title='bbox 1181 891 1260 933; x_wconf 87' lang='lat' dir='ltr'><strong>viri</strong></span> <span class='ocrx_word' id='word_1_71' title='bbox 1278 922 1294 944; x_wconf 93' lang='lat'><strong>,</strong></span> <span class='ocrx_word' id='word_1_72' title='bbox 1326 903 1404 947; x_wconf 41' lang='lat' dir='ltr'><strong>rag,</strong></span> 
     </span>
     <span class='ocr_line' id='line_1_11' title="bbox 172 967 1391 1021; baseline -0.004 -8"><span class='ocrx_word' id='word_1_73' title='bbox 172 972 311 1013; x_wconf 90' lang='lat' dir='ltr'><strong>tiones</strong></span> <span class='ocrx_word' id='word_1_74' title='bbox 336 970 584 1020; x_wconf 84' lang='lat' dir='ltr'><strong>valuerunt,</strong></span> <span class='ocrx_word' id='word_1_75' title='bbox 617 969 682 1021; x_wconf 84' lang='lat' dir='ltr'><strong>cuj</strong></span> <span class='ocrx_word' id='word_1_76' title='bbox 692 980 740 1011; x_wconf 86' lang='lat' dir='ltr'><strong>us</strong></span> <span class='ocrx_word' id='word_1_77' title='bbox 763 979 914 1011; x_wconf 84' lang='lat' dir='ltr'><strong>caussa</strong></span> <span class='ocrx_word' id='word_1_78' title='bbox 933 967 1040 1009; x_wconf 89' lang='lat' dir='ltr'><strong>velle</strong></span> <span class='ocrx_word' id='word_1_79' title='bbox 1063 968 1261 1009; x_wconf 82' lang='lat' dir='ltr'><strong>debemus</strong></span> <span class='ocrx_word' id='word_1_80' title='bbox 1276 998 1291 1019; x_wconf 91' lang='lat'><strong>,</strong></span> <span class='ocrx_word' id='word_1_81' title='bbox 1314 968 1391 1008; x_wconf 85' lang='lat' dir='ltr'><strong>du-</strong></span> 
     </span>
     <span class='ocr_line' id='line_1_12' title="bbox 170 1043 1398 1096; baseline -0.004 -7"><span class='ocrx_word' id='word_1_82' title='bbox 170 1046 352 1089; x_wconf 88' lang='lat' dir='ltr'><strong>bitantis</strong></span> <span class='ocrx_word' id='word_1_83' title='bbox 384 1044 542 1086; x_wconf 87' lang='lat' dir='ltr'><strong>edendo</strong></span> <span class='ocrx_word' id='word_1_84' title='bbox 584 1043 729 1089; x_wconf 89' lang='lat' dir='ltr'><strong>libello</strong></span> <span class='ocrx_word' id='word_1_85' title='bbox 767 1053 934 1086; x_wconf 87' lang='lat' dir='ltr'><strong>sumtus</strong></span> <span class='ocrx_word' id='word_1_86' title='bbox 968 1044 1133 1085; x_wconf 88' lang='lat' dir='ltr'><strong>chartae</strong></span> <span class='ocrx_word' id='word_1_87' title='bbox 1157 1055 1398 1096; x_wconf 85' lang='lat' dir='ltr'><strong>operarum-</strong></span> 
     </span>
     <span class='ocr_line' id='line_1_13' title="bbox 169 1120 1401 1175; baseline 0 -13"><span class='ocrx_word' id='word_1_88' title='bbox 169 1132 255 1174; x_wconf 88' lang='lat' dir='ltr'><strong>que</strong></span> <span class='ocrx_word' id='word_1_89' title='bbox 286 1122 552 1175; x_wconf 86' lang='lat' dir='ltr'><strong>impendere,</strong></span> <span class='ocrx_word' id='word_1_90' title='bbox 583 1131 623 1163; x_wconf 89' lang='lat' dir='ltr'><strong>et</strong></span> <span class='ocrx_word' id='word_1_91' title='bbox 662 1121 886 1162; x_wconf 88' lang='lat' dir='ltr'><strong>metuentis</strong></span> <span class='ocrx_word' id='word_1_92' title='bbox 924 1132 976 1162; x_wconf 89' lang='lat' dir='ltr'><strong>ne</strong></span> <span class='ocrx_word' id='word_1_93' title='bbox 1011 1130 1216 1164; x_wconf 90' lang='lat' dir='ltr'><strong>emtorum</strong></span> <span class='ocrx_word' id='word_1_94' title='bbox 1240 1120 1401 1162; x_wconf 79' lang='lat' dir='ltr'><strong>studiis</strong></span> 
     </span>
     <span class='ocr_line' id='line_1_14' title="bbox 173 1198 1400 1252; baseline 0.001 -11"><span class='ocrx_word' id='word_1_95' title='bbox 173 1199 343 1241; x_wconf 86' lang='lat' dir='ltr'><strong>novitas</strong></span> <span class='ocrx_word' id='word_1_96' title='bbox 376 1198 562 1241; x_wconf 83' lang='lat' dir='ltr'><strong>nominis</strong></span> <span class='ocrx_word' id='word_1_97' title='bbox 584 1199 649 1240; x_wconf 84' lang='lat' dir='ltr'><strong>tui</strong></span> <span class='ocrx_word' id='word_1_98' title='bbox 674 1199 872 1249; x_wconf 82' lang='lat' dir='ltr'><strong>obesset,</strong></span> <span class='ocrx_word' id='word_1_99' title='bbox 905 1198 1181 1251; x_wconf 86' lang='lat' dir='ltr'><strong>rogantisque</strong></span> <span class='ocrx_word' id='word_1_100' title='bbox 1206 1209 1254 1243; x_wconf 80' lang='lat' dir='ltr'><strong>ur</strong></span> <span class='ocrx_word' id='word_1_101' title='bbox 1280 1199 1400 1252; x_wconf 86' lang='lat' dir='ltr'><strong>quod</strong></span> 
     </span>
     <span class='ocr_line' id='line_1_15' title="bbox 171 1273 1402 1328; baseline 0 -13"><span class='ocrx_word' id='word_1_102' title='bbox 171 1275 290 1318; x_wconf 85' lang='lat' dir='ltr'><strong>alteri</strong></span> <span class='ocrx_word' id='word_1_103' title='bbox 313 1274 575 1328; x_wconf 86' lang='lat' dir='ltr'><strong>bibliopolae</strong></span> <span class='ocrx_word' id='word_1_104' title='bbox 599 1273 642 1316; x_wconf 89' lang='lat' dir='ltr'><strong>in</strong></span> <span class='ocrx_word' id='word_1_105' title='bbox 665 1273 846 1320; x_wconf 82' lang='lat' dir='ltr'><strong>Heusdii</strong></span> <span class='ocrx_word' id='word_1_106' title='bbox 875 1273 1012 1319; x_wconf 87' lang='lat' dir='ltr'><strong>nostri</strong></span> <span class='ocrx_word' id='word_1_107' title='bbox 1045 1273 1285 1325; x_wconf 74' lang='lat' dir='ltr'><strong>specimine</strong></span> <span class='ocrx_word' id='word_1_108' title='bbox 1306 1274 1402 1316; x_wconf 84' lang='lat' dir='ltr'><strong>Pla·</strong></span> 
     </span>
     <span class='ocr_line' id='line_1_16' title="bbox 172 1350 1406 1403; baseline -0.003 -11"><span class='ocrx_word' id='word_1_109' title='bbox 172 1351 321 1393; x_wconf 80' lang='lat' dir='ltr'><strong>tonico</strong></span> <span class='ocrx_word' id='word_1_110' title='bbox 346 1350 586 1392; x_wconf 89' lang='lat' dir='ltr'><strong>tribuissem</strong></span> <span class='ocrx_word' id='word_1_111' title='bbox 602 1382 617 1402; x_wconf 86' lang='lat'><strong>,</strong></span> <span class='ocrx_word' id='word_1_112' title='bbox 649 1350 754 1392; x_wconf 87' lang='lat' dir='ltr'><strong>idem</strong></span> <span class='ocrx_word' id='word_1_113' title='bbox 777 1350 860 1392; x_wconf 89' lang='lat' dir='ltr'><strong>sibi</strong></span> <span class='ocrx_word' id='word_1_114' title='bbox 886 1350 929 1392; x_wconf 91' lang='lat' dir='ltr'><strong>in</strong></span> <span class='ocrx_word' id='word_1_115' title='bbox 955 1361 1031 1393; x_wconf 85' lang='lat' dir='ltr'><strong>tuo</strong></span> <span class='ocrx_word' id='word_1_116' title='bbox 1056 1350 1217 1403; x_wconf 84' lang='lat' dir='ltr'><strong>scripto</strong></span> <span class='ocrx_word' id='word_1_117' title='bbox 1243 1351 1406 1392; x_wconf 86' lang='lat' dir='ltr'><strong>tribue.</strong></span> 
     </span>
     <span class='ocr_line' id='line_1_17' title="bbox 172 1426 1403 1479; baseline -0.001 -11"><span class='ocrx_word' id='word_1_118' title='bbox 172 1438 287 1477; x_wconf 72' lang='lat' dir='ltr'><strong>rem,</strong></span> <span class='ocrx_word' id='word_1_119' title='bbox 314 1435 353 1467; x_wconf 91' lang='lat' dir='ltr'><strong>et</strong></span> <span class='ocrx_word' id='word_1_120' title='bbox 378 1426 540 1479; x_wconf 86' lang='lat' dir='ltr'><strong>aliquid</strong></span> <span class='ocrx_word' id='word_1_121' title='bbox 562 1438 741 1473; x_wconf 83' lang='lat' dir='ltr'><strong>mearum</strong></span> <span class='ocrx_word' id='word_1_122' title='bbox 768 1427 1027 1474; x_wconf 87' lang='lat' dir='ltr'><strong>literularum</strong></span> <span class='ocrx_word' id='word_1_123' title='bbox 1057 1428 1246 1469; x_wconf 85' lang='lat' dir='ltr'><strong>adderem</strong></span> <span class='ocrx_word' id='word_1_124' title='bbox 1264 1457 1279 1478; x_wconf 90' lang='lat'><strong>,</strong></span> <span class='ocrx_word' id='word_1_125' title='bbox 1295 1439 1403 1478; x_wconf 85' lang='lat' dir='ltr'><strong>qua-</strong></span> 
     </span>
     <span class='ocr_line' id='line_1_18' title="bbox 171 1502 1405 1557; baseline 0 -13"><span class='ocrx_word' id='word_1_126' title='bbox 171 1515 266 1547; x_wconf 85' lang='lat' dir='ltr'><strong>rum</strong></span> <span class='ocrx_word' id='word_1_127' title='bbox 300 1502 504 1548; x_wconf 88' lang='lat' dir='ltr'><strong>indicium</strong></span> <span class='ocrx_word' id='word_1_128' title='bbox 537 1503 581 1545; x_wconf 85' lang='lat' dir='ltr'><strong>in</strong></span> <span class='ocrx_word' id='word_1_129' title='bbox 619 1504 747 1544; x_wconf 86' lang='lat' dir='ltr'><strong>titulo</strong></span> <span class='ocrx_word' id='word_1_130' title='bbox 786 1513 1029 1556; x_wconf 81' lang='lat' dir='ltr'><strong>poneretur.</strong></span> <span class='ocrx_word' id='word_1_131' title='bbox 1089 1503 1221 1557; x_wconf 85' lang='lat' dir='ltr'><strong>Quod</strong></span> <span class='ocrx_word' id='word_1_132' title='bbox 1247 1515 1296 1544; x_wconf 89' lang='lat' dir='ltr'><strong>eo</strong></span> <span class='ocrx_word' id='word_1_133' title='bbox 1322 1504 1405 1544; x_wconf 80' lang='lat' dir='ltr'><strong>rni-</strong></span> 
     </span>
     <span class='ocr_line' id='line_1_19' title="bbox 175 1578 1399 1630; baseline 0 -11"><span class='ocrx_word' id='word_1_134' title='bbox 175 1578 220 1619; x_wconf 84' lang='lat' dir='ltr'><strong>hi</strong></span> <span class='ocrx_word' id='word_1_135' title='bbox 246 1578 378 1630; x_wconf 85' lang='lat' dir='ltr'><strong>magis</strong></span> <span class='ocrx_word' id='word_1_136' title='bbox 405 1579 658 1621; x_wconf 88' lang='lat' dir='ltr'><strong>monendum</strong></span> <span class='ocrx_word' id='word_1_137' title='bbox 683 1587 774 1629; x_wconf 86' lang='lat' dir='ltr'><strong>est,</strong></span> <span class='ocrx_word' id='word_1_138' title='bbox 795 1590 846 1623; x_wconf 92' lang='lat' dir='ltr'><strong>ne</strong></span> <span class='ocrx_word' id='word_1_139' title='bbox 867 1578 976 1620; x_wconf 84' lang='lat' dir='ltr'><strong>forte</strong></span> <span class='ocrx_word' id='word_1_140' title='bbox 999 1578 1070 1620; x_wconf 85' lang='lat' dir='ltr'><strong>alii</strong></span> <span class='ocrx_word' id='word_1_141' title='bbox 1090 1590 1201 1619; x_wconf 87' lang='lat' dir='ltr'><strong>meae</strong></span> <span class='ocrx_word' id='word_1_142' title='bbox 1221 1579 1399 1620; x_wconf 80' lang='lat' dir='ltr'><strong>rationis</strong></span> 
     </span>
     <span class='ocr_line' id='line_1_20' title="bbox 175 1653 1384 1707; baseline 0.001 -12"><span class='ocrx_word' id='word_1_143' title='bbox 175 1663 216 1695; x_wconf 91' lang='lat' dir='ltr'><strong>et</strong></span> <span class='ocrx_word' id='word_1_144' title='bbox 249 1654 358 1696; x_wconf 81' lang='lat' dir='ltr'><strong>vitae</strong></span> <span class='ocrx_word' id='word_1_145' title='bbox 389 1653 522 1707; x_wconf 87' lang='lat' dir='ltr'><strong>ignari</strong></span> <span class='ocrx_word' id='word_1_146' title='bbox 550 1653 593 1695; x_wconf 91' lang='lat' dir='ltr'><strong>in</strong></span> <span class='ocrx_word' id='word_1_147' title='bbox 628 1666 714 1696; x_wconf 90' lang='lat' dir='ltr'><strong>eam</strong></span> <span class='ocrx_word' id='word_1_148' title='bbox 742 1653 986 1706; x_wconf 83' lang='lat' dir='ltr'><strong>opinionem</strong></span> <span class='ocrx_word' id='word_1_149' title='bbox 1022 1655 1308 1706; x_wconf 73' lang='lat' dir='ltr'><strong>inducantur,</strong></span> <span class='ocrx_word' id='word_1_150' title='bbox 1331 1659 1384 1688; x_wconf 67' lang='lat' dir='ltr'><strong>*ss*-</strong></span> 
     </span>
     <span class='ocr_line' id='line_1_21' title="bbox 173 1729 1399 1783; baseline 0.003 -14"><span class='ocrx_word' id='word_1_151' title='bbox 173 1738 351 1782; x_wconf 87' lang='lat' dir='ltr'><strong>putent‚</strong></span> <span class='ocrx_word' id='word_1_152' title='bbox 374 1741 438 1769; x_wconf 90' lang='lat' dir='ltr'><strong>me</strong></span> <span class='ocrx_word' id='word_1_153' title='bbox 461 1729 614 1781; x_wconf 84' lang='lat' dir='ltr'><strong>cupide</strong></span> <span class='ocrx_word' id='word_1_154' title='bbox 636 1729 900 1777; x_wconf 84' lang='lat' dir='ltr'><strong>occasionem</strong></span> <span class='ocrx_word' id='word_1_155' title='bbox 914 1741 1080 1783; x_wconf 88' lang='lat' dir='ltr'><strong>captare</strong></span> <span class='ocrx_word' id='word_1_156' title='bbox 1096 1761 1111 1782; x_wconf 91' lang='lat'><strong>,</strong></span> <span class='ocrx_word' id='word_1_157' title='bbox 1135 1744 1218 1783; x_wconf 87' lang='lat' dir='ltr'><strong>qua</strong></span> <span class='ocrx_word' id='word_1_158' title='bbox 1242 1743 1399 1775; x_wconf 81' lang='lat' dir='ltr'><strong>nomen</strong></span> 
     </span>
     <span class='ocr_line' id='line_1_22' title="bbox 175 1801 1396 1859; baseline 0.004 -15"><span class='ocrx_word' id='word_1_159' title='bbox 175 1814 313 1844; x_wconf 86' lang='lat' dir='ltr'><strong>meum</strong></span> <span class='ocrx_word' id='word_1_160' title='bbox 347 1801 522 1855; x_wconf 87' lang='lat' dir='ltr'><strong>scriptis</strong></span> <span class='ocrx_word' id='word_1_161' title='bbox 555 1802 862 1856; x_wconf 87' lang='lat' dir='ltr'><strong>discipulorum</strong></span> <span class='ocrx_word' id='word_1_162' title='bbox 895 1816 1083 1848; x_wconf 86' lang='lat' dir='ltr'><strong>meorum</strong></span> <span class='ocrx_word' id='word_1_163' title='bbox 1123 1818 1396 1859; x_wconf 82' lang='lat' dir='ltr'><strong>praeponam.</strong></span> 
     </span>
     <span class='ocr_line' id='line_1_23' title="bbox 174 1876 1408 1935; baseline 0.004 -15"><span class='ocrx_word' id='word_1_164' title='bbox 174 1876 273 1932; x_wconf 90' lang='lat' dir='ltr'><strong>Ego</strong></span> <span class='ocrx_word' id='word_1_165' title='bbox 310 1890 436 1928; x_wconf 87' lang='lat' dir='ltr'><strong>vero,</strong></span> <span class='ocrx_word' id='word_1_166' title='bbox 475 1879 661 1932; x_wconf 87' lang='lat' dir='ltr'><strong>exceptis</strong></span> <span class='ocrx_word' id='word_1_167' title='bbox 706 1880 1086 1933; x_wconf 88' lang='lat' dir='ltr'><strong>Disputationibus</strong></span> <span class='ocrx_word' id='word_1_168' title='bbox 1121 1895 1185 1923; x_wconf 88' lang='lat' dir='ltr'><strong>me</strong></span> <span class='ocrx_word' id='word_1_169' title='bbox 1215 1884 1408 1935; x_wconf 80' lang='lat' dir='ltr'><strong>praeside</strong></span> 
     </span>
     <span class='ocr_line' id='line_1_24' title="bbox 176 1954 1405 2013; baseline 0.007 -19"><span class='ocrx_word' id='word_1_170' title='bbox 176 1955 346 2006; x_wconf 86' lang='lat' dir='ltr'><strong>publice</strong></span> <span class='ocrx_word' id='word_1_171' title='bbox 368 1954 523 1997; x_wconf 88' lang='lat' dir='ltr'><strong>habitis</strong></span> <span class='ocrx_word' id='word_1_172' title='bbox 539 1985 554 2007; x_wconf 90' lang='lat'><strong>,</strong></span> <span class='ocrx_word' id='word_1_173' title='bbox 570 1956 612 1998; x_wconf 88' lang='lat' dir='ltr'><strong>id</strong></span> <span class='ocrx_word' id='word_1_174' title='bbox 624 1957 751 1998; x_wconf 90' lang='lat' dir='ltr'><strong>semel</strong></span> <span class='ocrx_word' id='word_1_175' title='bbox 775 1955 857 2000; x_wconf 83' lang='lat' dir='ltr'><strong>feci</strong></span> <span class='ocrx_word' id='word_1_176' title='bbox 878 1958 922 1999; x_wconf 92' lang='lat' dir='ltr'><strong>in</strong></span> <span class='ocrx_word' id='word_1_177' title='bbox 936 1957 1183 2004; x_wconf 85' lang='lat' dir='ltr'><strong>Heusdiano</strong></span> <span class='ocrx_word' id='word_1_178' title='bbox 1209 1962 1371 2013; x_wconf 86' lang='lat' dir='ltr'><strong>scripto</strong></span> <span class='ocrx_word' id='word_1_179' title='bbox 1385 1992 1405 2012; x_wconf 89' lang='lat'><strong>,</strong></span> 
     </span>
     <span class='ocr_line' id='line_1_25' title="bbox 176 2031 1410 2088; baseline 0.007 -18"><span class='ocrx_word' id='word_1_180' title='bbox 176 2041 217 2075; x_wconf 81' lang='lat' dir='ltr'><strong>et</strong></span> <span class='ocrx_word' id='word_1_181' title='bbox 244 2043 356 2072; x_wconf 91' lang='lat' dir='ltr'><strong>nunc</strong></span> <span class='ocrx_word' id='word_1_182' title='bbox 384 2031 426 2073; x_wconf 87' lang='lat' dir='ltr'><strong>in</strong></span> <span class='ocrx_word' id='word_1_183' title='bbox 454 2043 531 2074; x_wconf 90' lang='lat' dir='ltr'><strong>tuo</strong></span> <span class='ocrx_word' id='word_1_184' title='bbox 552 2033 701 2080; x_wconf 86' lang='lat' dir='ltr'><strong>iterum</strong></span> <span class='ocrx_word' id='word_1_185' title='bbox 731 2032 860 2076; x_wconf 79' lang='lat' dir='ltr'><strong>facio.</strong></span> <span class='ocrx_word' id='word_1_186' title='bbox 920 2036 1002 2088; x_wconf 88' lang='lat' dir='ltr'><strong>Et,</strong></span> <span class='ocrx_word' id='word_1_187' title='bbox 1036 2046 1084 2077; x_wconf 92' lang='lat' dir='ltr'><strong>ut</strong></span> <span class='ocrx_word' id='word_1_188' title='bbox 1108 2047 1255 2088; x_wconf 79' lang='lat' dir='ltr'><strong>antea,</strong></span> <span class='ocrx_word' id='word_1_189' title='bbox 1281 2048 1340 2079; x_wconf 81' lang='lat' dir='ltr'><strong>ita</strong></span> <span class='ocrx_word' id='word_1_190' title='bbox 1363 2038 1410 2084; x_wconf 86' lang='lat' dir='ltr'><strong>in</strong></span> 
     </span>
     <span class='ocr_line' id='line_1_26' title="bbox 176 2108 1406 2163; baseline 0.007 -17"><span class='ocrx_word' id='word_1_191' title='bbox 176 2116 423 2158; x_wconf 84' lang='lat' dir='ltr'><strong>posterum,</strong></span> <span class='ocrx_word' id='word_1_192' title='bbox 455 2109 564 2150; x_wconf 72' lang='lat' dir='ltr'><strong>malo</strong></span> <span class='ocrx_word' id='word_1_193' title='bbox 588 2108 823 2163; x_wconf 86' lang='lat' dir='ltr'><strong>discipulos</strong></span> <span class='ocrx_word' id='word_1_194' title='bbox 857 2110 975 2154; x_wconf 83' lang='lat' dir='ltr'><strong>istud</strong></span> <span class='ocrx_word' id='word_1_195' title='bbox 1006 2125 1029 2154; x_wconf 89' lang='lat' dir='ltr'><strong>a</strong></span> <span class='ocrx_word' id='word_1_196' title='bbox 1055 2125 1119 2154; x_wconf 90' lang='lat' dir='ltr'><strong>me</strong></span> <span class='ocrx_word' id='word_1_197' title='bbox 1139 2115 1406 2156; x_wconf 71' lang='lat' dir='ltr'><strong>commenda.-</strong></span> 
     </span>
     <span class='ocr_line' id='line_1_27' title="bbox 179 2181 1410 2238; baseline 0.008 -16"><span class='ocrx_word' id='word_1_198' title='bbox 179 2181 309 2229; x_wconf 86' lang='lat' dir='ltr'><strong>tionis</strong></span> <span class='ocrx_word' id='word_1_199' title='bbox 338 2196 470 2236; x_wconf 79' lang='lat' dir='ltr'><strong>genus</strong></span> <span class='ocrx_word' id='word_1_200' title='bbox 503 2197 589 2228; x_wconf 89' lang='lat' dir='ltr'><strong>non</strong></span> <span class='ocrx_word' id='word_1_201' title='bbox 629 2187 855 2238; x_wconf 71' lang='lat' dir='ltr'><strong>requirere,</strong></span> <span class='ocrx_word' id='word_1_202' title='bbox 916 2187 999 2230; x_wconf 88' lang='lat' dir='ltr'><strong>Sed</strong></span> <span class='ocrx_word' id='word_1_203' title='bbox 1035 2189 1117 2230; x_wconf 90' lang='lat' dir='ltr'><strong>hoc</strong></span> <span class='ocrx_word' id='word_1_204' title='bbox 1148 2189 1410 2236; x_wconf 82' lang='lat' dir='ltr'><strong>cuicuimodi</strong></span> 
     </span>
     <span class='ocr_line' id='line_1_28' title="bbox 182 2258 1406 2322; baseline 0.011 -25"><span class='ocrx_word' id='word_1_205' title='bbox 182 2258 238 2298; x_wconf 83' lang='lat' dir='ltr'><strong>sit</strong></span> <span class='ocrx_word' id='word_1_206' title='bbox 254 2288 268 2308; x_wconf 86' lang='lat'><strong>,</strong></span> <span class='ocrx_word' id='word_1_207' title='bbox 285 2259 410 2303; x_wconf 86' lang='lat' dir='ltr'><strong>habes</strong></span> <span class='ocrx_word' id='word_1_208' title='bbox 438 2263 519 2305; x_wconf 87' lang='lat' dir='ltr'><strong>hoc</strong></span> <span class='ocrx_word' id='word_1_209' title='bbox 548 2263 628 2305; x_wconf 84' lang='lat' dir='ltr'><strong>mei</strong></span> <span class='ocrx_word' id='word_1_210' title='bbox 658 2264 707 2312; x_wconf 79' lang='lat' dir='ltr'><strong>de</strong></span> <span class='ocrx_word' id='word_1_211' title='bbox 734 2274 773 2306; x_wconf 92' lang='lat' dir='ltr'><strong>te</strong></span> <span class='ocrx_word' id='word_1_212' title='bbox 790 2264 942 2318; x_wconf 83' lang='lat' dir='ltr'><strong>judicii</strong></span> <span class='ocrx_word' id='word_1_213' title='bbox 973 2268 1263 2315; x_wconf 83' lang='lat' dir='ltr'><strong>testimonium</strong></span> <span class='ocrx_word' id='word_1_214' title='bbox 1280 2302 1293 2321; x_wconf 87' lang='lat'><strong>‚</strong></span> <span class='ocrx_word' id='word_1_215' title='bbox 1316 2282 1406 2322; x_wconf 86' lang='lat' dir='ltr'><strong>quo</strong></span> 
     </span>
     <span class='ocr_line' id='line_1_29' title="bbox 184 2338 1403 2394; baseline 0.01 -19"><span class='ocrx_word' id='word_1_216' title='bbox 184 2342 287 2375; x_wconf 85' lang='lat' dir='ltr'><strong>tuus</strong></span> <span class='ocrx_word' id='word_1_217' title='bbox 324 2346 368 2374; x_wconf 91' lang='lat' dir='ltr'><strong>se</strong></span> <span class='ocrx_word' id='word_1_218' title='bbox 391 2347 505 2379; x_wconf 90' lang='lat' dir='ltr'><strong>nunc</strong></span> <span class='ocrx_word' id='word_1_219' title='bbox 530 2338 573 2380; x_wconf 89' lang='lat' dir='ltr'><strong>in</strong></span> <span class='ocrx_word' id='word_1_220' title='bbox 600 2339 813 2393; x_wconf 88' lang='lat' dir='ltr'><strong>publicam</strong></span> <span class='ocrx_word' id='word_1_221' title='bbox 847 2342 981 2386; x_wconf 85' lang='lat' dir='ltr'><strong>lucem</strong></span> <span class='ocrx_word' id='word_1_222' title='bbox 1006 2343 1205 2394; x_wconf 86' lang='lat' dir='ltr'><strong>prodiens</strong></span> <span class='ocrx_word' id='word_1_223' title='bbox 1231 2346 1403 2387; x_wconf 89' lang='lat' dir='ltr'><strong>libellus</strong></span> 
     </span>
     <span class='ocr_line' id='line_1_30' title="bbox 182 2411 1408 2472; baseline 0.01 -21"><span class='ocrx_word' id='word_1_224' title='bbox 182 2418 365 2454; x_wconf 81' lang='lat' dir='ltr'><strong>tueatur.</strong></span> <span class='ocrx_word' id='word_1_225' title='bbox 425 2411 533 2454; x_wconf 88' lang='lat' dir='ltr'><strong>Nam</strong></span> <span class='ocrx_word' id='word_1_226' title='bbox 554 2416 682 2456; x_wconf 87' lang='lat' dir='ltr'><strong>semel</strong></span> <span class='ocrx_word' id='word_1_227' title='bbox 712 2416 879 2468; x_wconf 85' lang='lat' dir='ltr'><strong>quidem</strong></span> <span class='ocrx_word' id='word_1_228' title='bbox 903 2418 1104 2471; x_wconf 87' lang='lat' dir='ltr'><strong>cognitus</strong></span> <span class='ocrx_word' id='word_1_229' title='bbox 1130 2420 1222 2472; x_wconf 91' lang='lat' dir='ltr'><strong>ipse</strong></span> <span class='ocrx_word' id='word_1_230' title='bbox 1248 2434 1291 2465; x_wconf 89' lang='lat' dir='ltr'><strong>se</strong></span> <span class='ocrx_word' id='word_1_231' title='bbox 1315 2431 1408 2463; x_wconf 81' lang='lat' dir='ltr'><strong>tue-</strong></span> 
     </span>
     <span class='ocr_line' id='line_1_31' title="bbox 179 2483 1410 2555; baseline 0.011 -28"><span class='ocrx_word' id='word_1_232' title='bbox 179 2483 324 2555; x_wconf 63' lang='lat' dir='ltr'><strong>bitur-z</strong></span> <span class='ocrx_word' id='word_1_233' title='bbox 360 2497 404 2534; x_wconf 73' lang='lat' dir='ltr'><strong>ut</strong></span> <span class='ocrx_word' id='word_1_234' title='bbox 431 2487 529 2536; x_wconf 70' lang='lat' dir='ltr'><strong>item</strong></span> <span class='ocrx_word' id='word_1_235' title='bbox 564 2504 610 2539; x_wconf 80' lang='lat' dir='ltr'><strong>se</strong></span> <span class='ocrx_word' id='word_1_236' title='bbox 638 2494 765 2536; x_wconf 82' lang='lat' dir='ltr'><strong>tutati</strong></span> <span class='ocrx_word' id='word_1_237' title='bbox 795 2502 896 2535; x_wconf 86' lang='lat' dir='ltr'><strong>sunt</strong></span> <span class='ocrx_word' id='word_1_238' title='bbox 925 2495 1086 2548; x_wconf 80' lang='lat' dir='ltr'><strong>priores</strong></span> <span class='ocrx_word' id='word_1_239' title='bbox 1113 2496 1253 2546; x_wconf 73' lang='lat' dir='ltr'><strong>nostri</strong></span> <span class='ocrx_word' id='word_1_240' title='bbox 1279 2497 1410 2547; x_wconf 67' lang='lat' dir='ltr'><strong>disci«,</strong></span> 
     </span>
    </p>
   </div>
   <div class='ocr_carea' id='block_1_3' title="bbox 753 2566 1468 2651">
    <p class='ocr_par' dir='ltr' id='par_1_4' title="bbox 753 2566 1468 2651">
     <span class='ocr_line' id='line_1_32' title="bbox 753 2566 1468 2651; baseline -0.01 -24"><span class='ocrx_word' id='word_1_241' title='bbox 753 2566 849 2627; x_wconf 75' lang='lat' dir='ltr'><strong>Q3</strong></span> <span class='ocrx_word' id='word_1_242' title='bbox 1336 2584 1468 2651; x_wconf 22' lang='lat' dir='ltr'><strong>pue-</strong></span> 
     </span>
    </p>
   </div>
  </div>
 </body>
</html>
