1693 3110
240 189 306 241 46
603 183 1089 237 EPISTULA

245 317 449 364 Divinis,
478 313 717 364 Humanis,
749 311 933 363 Animo,
965 313 1232 366 Corporibus
1269 325 1309 359 et
1330 326 1450 359 cem-t

243 404 372 436 :mune
425 390 741 431 fundamentum
803 388 1111 442 Metaphysica.
1176 392 1366 437 Platonis
1406 394 1456 436 de

245 467 521 524 philosophia
557 465 783 508 sententias
818 476 1009 518 quasque
1053 467 1096 508 in
1133 468 1211 509 hos
1235 469 1355 511 locos
1391 469 1455 511 (1ὶὸ

248 555 392 600 geret:
433 542 607 595 expletis
653 542 833 595 singulis
882 542 1015 593 locis,
1058 543 1285 585 sententias
1327 543 1371 584 in
1404 543 1456 585 iis

245 629 420 662 notatas
462 619 569 660 inter
615 630 660 659 se
701 618 993 670 comparabit,
1035 618 1285 670 ordinabit,
1327 629 1366 659 et
1411 617 1462 659 ad

251 696 470 748 quamdam
510 694 723 736 doctrinae
766 694 967 735 rationem
1002 693 1216 746 disponet,
1279 693 1461 745 Reliqua

247 773 421 816 materia
459 772 681 824 multiplex
703 801 718 823 ,
755 783 830 813 nec
866 772 1006 814 solum
1053 781 1257 825 caeteras,
1303 782 1464 824 praeter

249 848 595 904 philosophiam,
628 847 904 900 disciplinas,
936 849 1008 890 sed
1041 856 1205 890 omnem
1240 849 1461 891 historiam

251 936 295 966 et
328 922 626 975 antiquitates,
659 923 845 964 omnium
880 923 922 964 in
955 925 1070 965 omni
1105 924 1191 966 vita
1227 937 1360 966 rerum
1399 937 1469 967 va·

252 1000 472 1050 rietatem,
514 1010 719 1039 sacrarum
739 1029 754 1049 .‚
795 999 983 1041 civilium
1010 1032 1024 1052 ,
1067 1002 1306 1043 bellicarum
1332 1032 1348 1053 ,
1391 1002 1466 1043 do-

254 1076 520 1119 mesticarum
539 1105 554 1126 ,
592 1076 915 1126 complectitur:
960 1088 1065 1127 quae
1094 1076 1211 1128 ipsae
1232 1077 1275 1118 in
1306 1077 1464 1118 Excer-

253 1152 342 1206 ptis
377 1164 457 1193 suo
488 1163 678 1203 quaeque
711 1152 807 1192 loco
834 1151 1042 1192 notandae
1071 1162 1189 1193 sunt.-
1248 1149 1368 1192 Hanc
1387 1162 1464 1204 ego

255 1232 457 1275 rationem
509 1232 552 1273 in
595 1232 768 1273 Platone
809 1231 914 1272 mihi
954 1231 1206 1283 sequendam
1251 1232 1471 1285 designavi

264 1311 445 1351 breviter
481 1309 749 1351 adolescens:
782 1318 930 1362 postea
965 1309 1007 1350 in
1040 1309 1265 1351 Plutarcho
1306 1309 1471 1352 factita-

257 1387 301 1426 vi
319 1416 333 1437 ,
363 1398 448 1427 non
474 1385 562 1426 sine
588 1397 739 1438 magno
766 1397 856 1426 meo
880 1384 1046 1437 quidem
1078 1384 1238 1427 fructu.
1298 1386 1362 1428 De
1386 1399 1471 1428 uno

260 1465 385 1505 etiam
417 1465 556 1506 indice
590 1463 843 1504 monendum
886 1463 1044 1515 gen-:ris
1092 1463 1286 1504 historici
1328 1464 1474 1516 illius,

263 1552 352 1592 quo
385 1539 655 1580 continentur
685 1539 856 1580 nomina
896 1540 1062 1590 propria
1098 1538 1349 1589 hominum,
1388 1549 1475 1579 non

261 1621 391 1661 modo
414 1618 674 1669 Scriptorum
690 1648 705 1668 ,
737 1618 809 1659 sed
839 1616 1015 1658 aliorum
1039 1615 1112 1668 qui
1137 1617 1201 1657 vel
1225 1616 1477 1667 colloquen-

262 1703 329 1737 tes
373 1695 660 1745 inducuntur,
705 1694 769 1734 vel
804 1693 883 1733 alia
919 1704 1183 1743 quacumque
1211 1703 1361 1733 caussa
1393 1703 1478 1732 me·-

264 1778 500 1813 morantut.
564 1769 726 1809 Horum
749 1767 918 1808 nomina
942 1777 982 1807 et
1022 1778 1085 1807 res
1102 1797 1117 1818 ,
1152 1776 1246 1807 cum
1273 1778 1322 1808 ex
1342 1767 1482 1810 Plato-

266 1857 348 1895 ne,
390 1853 477 1884 tum
525 1842 719 1892 aliunde,
759 1841 1051 1894 colligendae,
1101 1849 1139 1882 et
1175 1842 1223 1881 ad
1258 1843 1477 1893 quamdam

267 1920 445 1963 notitiae
467 1919 811 1972 perspicuitatem
835 1918 1158 1959 constituendae
1191 1928 1316 1959 sunt:
1348 1919 1478 1960 veluti

267 1999 315 2042 in
340 1998 705 2051 Prosopographia
741 1996 916 2038 Codicis
944 1993 1229 2036 Theodosiani
1270 1996 1422 2036 factum
1458 2009 1483 2038 a

270 2077 434 2129 magnis
455 2075 559 2117 viris
574 2075 664 2128 Jac.
690 2072 960 2116 Gothofredo
993 2083 1032 2113 et
1064 2072 1121 2114 D.
1150 2072 1332 2114 l‘xittero.
1393 2073 1480 2115 Ha-

270 2154 342 2194 bet
380 2153 478 2193 haec
507 2164 630 2204 opera
665 2163 858 2203 magnum
894 2159 1150 2192 momentum
1187 2163 1281 2191 cum
1321 2151 1372 2191 ad
1408 2163 1478 2191 au-

268 2238 404 2269 ctoris
436 2227 780 2281 intelligentiam,
810 2235 898 2268 tum
921 2228 971 2268 ad
998 2227 1156 2268 multos
1184 2227 1384 2269 historiae
1418 2229 1482 2270 lo·

269 2318 346 2347 eos
370 2305 616 2356 explendos,

328 2377 520 2421 Tertium
543 2392 713 2430 eorum,
745 2392 849 2429 quae
885 2379 926 2421 in
961 2378 1055 2431 ipso
1079 2379 1286 2431 scriptore
1309 2391 1482 2422 cernun-

273 2465 370 2506 tur,
401 2465 464 2497 est
505 2454 671 2508 forma.
733 2457 852 2499 Plato
886 2469 992 2498 usus
1026 2467 1091 2497 est
1116 2456 1267 2508 forma
1297 2457 1485 2512 dialogo-

274 2547 385 2574 rum.
445 2532 534 2574 Hae
574 2531 843 2576 oilbnduntur
880 2533 1033 2576 minuti
1071 2534 1321 2588 philosophi
1365 2546 1480 2576 com·

1384 2619 1486 2665 pena
