1693 3110
259 182 339 229 ]26
435 168 902 223 PROLEGOMENA
939 180 1001 216 Ex
1040 168 1330 219 EDITIONE‘

256 312 373 347 eunt.
435 301 555 355 Quae
591 309 692 341 vero
725 296 858 351 magis
886 297 1059 341 affectae
1082 299 1255 344 fuerunt
1286 294 1480 355 peccatis

258 390 299 422 et
322 379 594 430 voluptatum
620 374 901 427 contagione,
933 374 1007 415 hae
1031 386 1265 428 purgantur
1288 379 1472 429 primum

253 465 295 499 et
321 466 479 509 poenas
501 453 628 505 dant3
661 451 841 505 praemia
872 461 1008 494 tamen
1035 464 1208 506 quoque
1231 454 1475 507 accipiunt,

251 534 291 578 si
316 533 417 586 quid
441 532 546 574 bene
576 528 751 573 fecerint
792 529 836 571 in
863 530 942 571 bric
972 531 1074 572 vita,
1135 530 1216 572 Sed
1251 539 1353 583 post
1377 530 1474 572 lon-

257 619 356 662 gum
376 617 580 651 annorum
604 606 831 649 circuitum
857 607 908 648 ad
930 619 1039 648 nova
1059 607 1256 659 Corpora
1280 606 1482 661 redeunt,

255 687 313 730 ita
356 693 404 728 ut
443 685 564 740 optio
601 685 759 738 cuique
798 685 920 726 detur
954 683 1165 736 quodnam
1205 685 1314 726 vitae
1351 691 1489 738 genus

258 768 407 823 eligere
438 767 556 809 velit,-
617 766 737 809 Hanc
773 765 901 807 vitam
941 765 1086 817 prouti
1108 765 1175 806 vel
1199 776 1293 805 cum
1329 766 1490 806 virtute

257 849 326 892 vel
359 856 456 889 cum
495 845 612 887 vitiis
650 844 834 897 degerit,
867 843 923 883 ita
957 842 1096 884 denuo
1135 851 1235 895 post
1274 841 1487 894 Corporis

260 933 437 968 mortem
463 921 500 963 ei
525 916 612 964 fiet.
673 918 721 962 In
746 919 928 973 primum
956 927 997 960 et
1021 915 1241 971 antiquum
1265 918 1487 960 felicitatis

259 1008 418 1044 statum
454 998 571 1039 nulla
607 995 712 1038 redit
735 994 918 1047 Anima⁹
951 994 1033 1036 nisi
1061 1007 1165 1045 quae
1198 1002 1271 1047 per
1294 995 1491 1037 Philosoe

259 1073 401 1126 phiam
429 1085 473 1115 se
496 1073 548 1115 ab
581 1072 700 1114 omni
736 1081 873 1112 rerum
903 1080 1200 1123 corporearum
1232 1070 1490 1122 contagione

259 1143 557 1204 purgaverit?
1445 1149 1448 1151 ’

319 1227 385 1269 De
415 1234 592 1269 numero
626 1232 832 1269 annorum
850 1254 864 1278 ‚
897 1231 985 1279 quo
1008 1223 1217 1268 circuitus
1239 1220 1490 1266 Animarum

263 1301 537 1354 absolvatur,
555 1301 674 1344 Plato
696 1302 875 1343 sibinon
897 1309 1090 1352 constatg
1113 1309 1205 1341 narn
1222 1298 1314 1341 aliis
1339 1298 1484 1350 mille,

264 1377 359 1419 aliis
381 1377 462 1419 tria
485 1377 615 1419 milliar
632 1407 647 1429 ‚
676 1377 769 1419 aliis
800 1379 937 1418 decem
967 1375 1099 1418 millia
1125 1374 1299 1426 tribuit;
1319 1383 1364 1414 ut
1389 1373 1494 1415 faci*

266 1449 306 1494 le
327 1462 552 1506 appareat,
585 1465 677 1494 eum
705 1453 755 1494 de
780 1465 955 1495 nurnero
979 1451 1040 1493 nil
1065 1451 1167 1492 certi
1193 1449 1492 1492 constituissm

266 1529 474 1572 Rationes
516 1538 686 1581 autem,
720 1529 880 1582 quibus
907 1526 1306 1580 Metempsychosin
1338 1524 1493 1567 confir·-

269 1606 400 1649 :mavit
417 1637 431 1657 ,
463 1606 790 1661 intelliguntur,
824 1617 920 1647 cum
948 1617 997 1646 ex
1022 1605 1113 1646 tota
1134 1603 1326 1644 doctrina
1349 1602 1393 1644 in
1419 1613 1492 1655 sy-

269 1692 445 1727 stemate
468 1681 689 1734 Platonis,
720 1691 808 1724 tum
832 1695 880 1724 ex
912 1680 1195 1735 peculiaribus
1222 1679 1347 1722 locis.
1407 1677 1499 1720 Ne·

272 1772 356 1813 que
377 1758 485 1800 enim
510 1758 567 1799 ita
593 1758 705 1798 nude
729 1767 769 1798 et
794 1756 1046 1809 simpliciter
1071 1755 1216 1807 posuit
1242 1754 1493 1796 sententiam

268 1833 380 1877 illam
396 1865 410 1885 ‚
441 1832 585 1886 prouti
610 1830 912 1887 Pythagorici:
937 1833 1009 1875 sed
1035 1833 1126 1887 ejus
1155 1842 1327 1873 caussas
1352 1843 1401 1873 ex
1428 1831 1493 1883 ip·

271 1915 318 1954 sa
350 1911 499 1954 natura
534 1910 679 1952 Animi
714 1912 921 1963 explicare
948 1910 1130 1953 studuit,
1196 1937 1222 1961 ,9
1253 1908 1359 1949 Nam
1391 1907 1497 1950 Ani-

272 2001 365 2039 ma,
398 1988 553 2041 prioris
583 1987 691 2030 vitae
715 1988 1023 2032 consuetudine
1054 1987 1104 2029 ad
1126 1986 1394 2038 voluptatum
1419 1996 1497 2026 cu-

272 2064 491 2119 piditatem
525 2064 723 2106 adstricta
740 2094 755 2116 ,
787 2073 941 2119 sponte
969 2061 1131 2116 quaerit
1155 2062 1364 2117 eiusmodi
1388 2061 1503 2103 Cor·

275 2157 360 2199 pus
374 2175 388 2197 ‚
405 2146 522 2198 quod
535 2145 710 2187 maxime
724 2147 1087 2188 accommodatum
1103 2145 1157 2187 sit
1170 2145 1220 2185 ad
1241 2143 1499 2196 cupiditates

275 2219 369 2262 illas
394 2220 643 2272 explendas:
668 2220 832 2262 fallitur
851 2223 973 2263 etiam
996 2220 1235 2275 ignorantia
1258 2218 1362 2262 boni
1382 2252 1394 2271 ‚
1419 2228 1496 2269 ut,

279 2295 323 2344 in
345 2297 549 2338 electione
573 2308 708 2339 novae
729 2298 866 2350 vitae,
893 2297 1053 2338 meliori
1075 2296 1195 2350 pejus
1219 2289 1505 2348 anteponat.’'

277 2374 424 2424 Atque
453 2372 509 2414 ita
548 2372 737 2416 Platonis
763 2374 1012 2417 sententiam
1039 2373 1297 2426 posteriores
1331 2381 1502 2423 accepe-

284 2459 412 2493 tunt:
438 2457 485 2489 ut
509 2449 673 2490 monuit
701 2449 1058 2504 Wyttcnbachius
1082 2449 1131 2492 ad
1156 2448 1423 2492 Plutarchum
1449 2445 1502 2486 de

279 2525 382 2570 Ser-³1
401 2524 538 2571 Num·
573 2525 704 2571 Vind.
736 2540 780 2582 p.
811 2538 907 2584 113.

1424 2599 1504 2644 Er-
