1693 3110
332 213 415 272 146
531 205 869 256 PRAEFATm
909 221 972 257 Ex
1015 205 1156 256 sua·
1187 203 1350 258 EDIT.

339 346 535 390 expressa
562 340 858 376 remanserant.
901 330 983 374 His
1010 331 1317 386 investigandis
1333 344 1380 375 ac
1402 333 1569 379 tollen·>

342 410 408 462 dis
434 421 607 460 rursus,
623 417 670 448 ut
693 406 735 448 in
761 407 872 449 libro
893 406 1153 449 institutioni
1168 407 1406 460 juventutis
1424 408 1556 450 desti-

338 495 469 537 nato,
486 494 689 526 summam
713 483 970 537 diligentiam
1000 495 1252 535 operamque
1266 483 1555 531 adhibuimus.

337 560 447 602 Nam
464 572 585 612 saepe
610 559 736 601 unius
762 558 865 600 adeo
898 558 1038 599 literae
1062 570 1176 600 error
1202 566 1343 600 tantas
1372 556 1556 601 offundit

338 637 570 681 sententiae
599 637 788 678 tenebras
806 666 821 689 ,
837 636 947 676 unde
973 647 1024 676 ne
1049 634 1236 687 magistri
1261 634 1454 698 quidem,
1486 646 1559 676 ne.

338 714 437 755 dum
466 711 698 765 discipuli,
720 723 764 752 se
788 710 1023 763 expedi-ant.
1060 714 1104 752 [n
1119 709 1365 752 accentibus
1384 722 1483 752 vero
1505 721 1563 751 ne*

336 790 575 832 turbaretur
611 800 660 829 eo
700 787 832 841 magis
870 788 1059 828 cavimus
1076 817 1092 838 ,
1113 788 1227 840 quod
1251 799 1394 828 eorum
1413 787 1559 830 obser-

337 867 509 908 vatione
532 878 627 917 pars
646 865 760 906 haud
793 866 1100 907 contemnenda
1130 874 1346 906 accuratae
1377 865 1557 908 rationis

337 941 631 997 grammaticae
645 939 885 983 continetur
904 953 915 981 ε
937 940 987 981 ad
1000 940 1123 993 cuius
1149 940 1442 993 negligentiam
1455 940 1563 982 sub-r

335 1020 434 1062 inde
467 1030 640 1072 quoque
664 1017 889 1071 magistros
913 1018 1016 1059 adeo
1038 1017 1247 1069 proclives
1269 1017 1462 1060 videmus
1477 1049 1490 1069 .,
1506 1029 1557 1060 ut

334 1096 546 1140 Graecum
586 1096 762 1147 locum,
802 1095 868 1136 vel
902 1106 1027 1146 prave
1059 1095 1246 1148 positis,
1279 1096 1342 1136 vel
1380 1095 1567 1138 omnino-

336 1174 538 1225 omissis,
566 1170 813 1214 accentibus
828 1201 843 1223 ,
859 1170 1088 1212 scribentes
1110 1181 1150 1212 et
1171 1172 1367 1223 edentes,
1381 1183 1473 1213 eum
1488 1171 1572 1218 sui,

334 1249 458 1304 quasi
480 1248 702 1302 imaginem
729 1246 919 1300 stuporis
938 1277 953 1298 ‚
977 1246 1152 1300 prodere
1171 1247 1407 1291 videantur.
1440 1248 1564 1300 Ergo⁴

332 1326 381 1369 in
417 1323 698 1379 expurgandis
735 1323 898 1365 mendis
929 1334 981 1365 ne
1015 1323 1098 1365 soli
1122 1323 1281 1365 nostris
1304 1324 1388 1376 ipsi
1421 1325 1562 1366 oculis

333 1400 518 1443 confidet
529 1412 676 1451 emus,
712 1399 985 1441 adhibuimus
1026 1399 1252 1453 adjutorem
1277 1399 1446 1453 Janum
1470 1400 1561 1441 Ba·

336 1480 413 1533 ke,
441 1478 699 1531 discipulum
724 1476 849 1519 nobis
873 1477 1099 1530 probatum
1123 1477 1286 1529 egregio
1316 1477 1460 1519 studio
1482 1478 1560 1520 do·

334 1554 495 1596 ctrinae
514 1565 610 1595 cum
636 1552 837 1607 elegantis
863 1561 951 1594 tum
979 1564 1077 1594 vero
1101 1561 1343 1605 accuratae,
1370 1565 1468 1595 mox
1481 1566 1571 1606 pu-

335 1630 448 1672 blice
461 1627 849 1683 probandumlibro
868 1656 884 1679 ‚
910 1639 1033 1679 quem
1059 1626 1102 1668 in
1126 1627 1318 1668 manibus
1344 1627 1564 1679 habet,de

334 1705 439 1748 Vita
466 1714 506 1747 et
540 1703 719 1756 Scriptis
747 1702 989 1746 Posidonii.-
1044 1702 1239 1744 Fecimus
1255 1701 1395 1755 igitur
1429 1715 1561 1756 quan·-

332 1793 425 1833 tum
459 1780 698 1835 potuitnuS.
771 1778 908 1820 Modo
942 1790 1022 1831 ne,
1063 1780 1180 1821 omni
1216 1791 1241 1819 a·
1271 1780 1397 1821 nobis
1432 1792 1561 1822 nava-

335 1867 379 1902 ta
405 1870 560 1912 opera,
592 1865 850 1909 perpurgato
886 1856 1108 1907 exemplo,
1141 1853 1326 1897 officinae
1355 1857 1558 1909 magistro

335 1932 533 1986 quamvis
570 1930 719 1971 sedulo
752 1939 792 1970 et
831 1929 1113 1982 advigilante‚
1147 1930 1329 1982 operarii*
1349 1931 1558 1972 temeritas

333 2020 488 2053 novam
510 2007 641 2048 labem
665 2005 859 2048 inducat.-
889 2004 1018 2059 Quod
1036 2017 1168 2058 genus
1189 2017 1312 2046 nemo
1332 2006 1560 2058 quisquam

335 2083 528 2124 mortalis
553 2081 687 2123 editor
706 2092 852 2122 cavere
874 2080 1030 2132 possit.
1091 2079 1185 2122 Nos
1208 2080 1373 2132 quidem
1401 2082 1445 2123 in
1469 2095 1560 2123 om-

331 2159 380 2202 ni
414 2158 578 2199 literato
613 2157 754 2198 labore
777 2158 837 2199 nil
872 2156 1005 2211 magis
1033 2155 1330 2211 indignamur,
1359 2171 1485 2210 quam
1509 2159 1557 2208 in
1685 2131 1693 2214 f

330 2235 445 2279 libro
468 2247 491 2277 a
517 2234 644 2276 nobis
665 2243 854 2277 correcto
879 2235 1078 2275 mendum·
1106 2245 1327 2275 remanere.
1681 2226 1687 2295 f

388 2311 613 2362 Denique,
657 2310 778 2352 nefas
818 2311 875 2352 sit
925 2311 1030 2352 hanc
1056 2342 1070 2362 ‚
1128 2311 1322 2363 quamvis
1361 2309 1555 2361 brevem,

334 2385 634 2442 praefationem
666 2387 811 2439 finire⁹
844 2388 928 2429 uisi
961 2388 1054 2430 Deo
1084 2388 1140 2429 Ο.
1175 2388 1243 2429 Μ.
1275 2400 1380 2441 pura
1403 2388 1557 2439 piaque

331 2471 470 2506 mente
495 2462 678 2508 duplicis
703 2463 893 2505 beneficii
914 2465 1114 2518 nomine,
1148 2466 1301 2518 gratias
1325 2464 1549 2518 egerimus.

326 2539 529 2586 Alterum
562 2549 626 2581 est
659 2549 809 2594 vetus,
841 2541 955 2594 quod
987 2542 1081 2585 voti
1118 2553 1198 2584 nos
1233 2552 1454 2594 compotes
1497 2543 1556 2583 fe—

1463 2626 1553 2670 cit,

1678 2359 1688 2398 ἦ(

1673 2400 1685 2457 μ’
