1693 3110
326 177 410 237 ⁴84
613 174 1216 223 DISPUTATIO

337 301 484 343 Alium
521 300 609 342 alio
637 300 816 356 proinde
853 300 1061 342 meliorem
1093 300 1389 346 deterior-emate
1407 301 1538 358 futu*

339 386 466 416 rum:
522 372 611 415 Hoc
632 374 732 427 fieri
766 387 848 414 non
865 384 997 430 posse.
1055 374 1201 430 Ergo,
1231 390 1312 419 non
1339 388 1418 421 esse
1435 381 1535 437 plu.

339 463 405 492 res
439 463 519 490 uno
552 451 677 492 Deos.
739 450 917 492 Difficile
952 459 1014 494 est
1048 453 1192 504 dictu,
1233 464 1339 506 quot
1371 456 1456 498 sint
1489 458 1537 499 in

339 537 421 565 una
460 525 536 566 hae
573 525 925 567 conclusiuncula
964 526 1078 569 vitia.
1156 527 1266 571 Satis
1311 542 1439 572 unu-m
1479 533 1540 574 sit

337 610 523 643 notasse.
593 600 673 643 Est
710 600 876 652 quidem
913 602 957 643 in
992 600 1152 643 Genere
1191 605 1441 656 plerumque
1475 606 1540 646 di·-

338 677 512 718 versitas
541 675 882 728 individuorum3
916 676 1013 728 quia
1058 677 1271 719 individua
1300 678 1399 731 illa,
1433 691 1542 730 quae

338 751 381 792 in
412 764 561 794 sensus
597 760 767 793 nostros
800 751 1050 804 incurrunt,
1082 764 1105 792 a
1130 764 1173 793 se
1206 752 1384 794 invicem
1421 753 1552 812 diffe-¹

340 841 456 872 runt.
515 830 693 872 Minime
727 841 827 870 vero
862 840 1032 870 necesse
1062 838 1154 881 est,
1185 828 1451 872 differentiam
1475 843 1542 874 es-

341 917 385 945 se
423 903 738 945 individuorum
770 903 813 943 in
836 902 1026 956 Genere3
1059 905 1217 957 quippe
1239 904 1386 947 Genus
1416 906 1544 949 effici·

340 990 407 1022 tur
439 979 711 1021 similitudine
753 977 1081 1021 individuorum.
1154 979 1293 1035 Quare
1323 981 1361 1024 si
1396 982 1536 1034 plures

340 1056 427 1097 sint
461 1056 559 1109 Dii3
605 1056 682 1097 erit
725 1056 900 1097 maxima
934 1054 1172 1097 similitudo
1209 1055 1540 1098 individuorum.

338 1131 397 1175 Et
423 1132 466 1173 in
503 1133 662 1173 nostris
692 1131 813 1173 etiam
844 1131 947 1172 ideis
984 1130 1289 1171 universalibus
1321 1130 1378 1170 ita
1407 1129 1543 1181 pluri.

341 1222 453 1250 mum
481 1218 544 1249 est
580 1207 819 1258 firmitatis,
847 1216 895 1248 ut
928 1206 1144 1247 minimum
1183 1214 1247 1247 est
1282 1205 1540 1247 diversitatis

339 1285 383 1326 in
420 1283 664 1324 individuis.
724 1282 882 1322 Deinde
915 1283 981 1322 vel
1015 1281 1106 1331 sic,
1147 1292 1243 1320 cum
1281 1281 1433 1322 unicus
1472 1291 1539 1324 est

341 1359 485 1410 Deu53
520 1358 650 1399 Deum
677 1367 887 1406 tamquam
924 1354 1052 1395 ideam
1089 1354 1360 1395 universalem
1387 1364 1426 1394 et
1451 1354 1540 1396 Ge.

340 1431 638 1484 nus'spectare
672 1442 933 1482 possumus,
962 1429 1084 1482 cujus
1120 1441 1206 1470 nou
1245 1428 1298 1469 sit
1327 1428 1409 1469 nisi
1451 1429 1546 1470 uni·

339 1520 436 1551 cum
481 1505 761 1548 individuum.
824 1504 1017 1545 Ceterum
1049 1505 1139 1556 ejus
1162 1501 1448 1544 conclusionis
1470 1514 1539 1542 va·

342 1583 511 1625 nitatem
538 1580 721 1624 ostendit
749 1579 871 1621 etiam
901 1577 1084 1620 Crusius
1116 1576 1188 1618 lib.
1221 1575 1293 1618 cit.
1324 1576 1364 1627 ἕ.
1388 1586 1487 1631 245.

869 1750 1028 1766 m

541 1879 1345 1928 CONCLUSIO.

877 2019 918 2070 3.
978 2017 1014 2059 1.

333 2147 581 2203 Quaeritur
602 2180 616 2202 ,
644 2165 700 2191 an
729 2158 1023 2205 argumentum
1049 2148 1384 2191 Mathematicae
1406 2162 1538 2191 neces-

428 2227 571 2266 sitatis
601 2228 774 2280 mlferri
799 2229 957 2281 possit,
990 2240 1068 2281 quo
1099 2226 1332 2280 efficiatur,
1364 2239 1443 2266 non

668 2305 814 2359 plures
846 2317 926 2348 cue
965 2315 1044 2343 uno
1083 2301 1208 2343 Deos.

386 2432 614 2486 Superest,
666 2436 723 2476 ut'
763 2448 890 2477 meam
939 2435 1029 2486 ipse
1069 2436 1316 2477 sententiam
1363 2437 1411 2477 de
1458 2437 1532 2477 hirc

328 2509 573 2563 quaestione
607 2522 828 2564 exponam.
898 2511 1048 2564 Neque
1090 2514 1196 2554 enim
1239 2513 1319 2554 hcc
1355 2514 1442 2564 egi,
1488 2521 1533 2551 ut

1463 2588 1526 2628 ef-
