<?xml version="1.0" encoding="UTF-8"?>
<!DOCTYPE html PUBLIC "-//W3C//DTD XHTML 1.0 Transitional//EN"
    "http://www.w3.org/TR/xhtml1/DTD/xhtml1-transitional.dtd">
<html xmlns="http://www.w3.org/1999/xhtml" xml:lang="en" lang="en">
 <head>
  <title>
</title>
<meta http-equiv="Content-Type" content="text/html;charset=utf-8" />
  <meta name='ocr-system' content='tesseract 3.04.00' />
  <meta name='ocr-capabilities' content='ocr_page ocr_carea ocr_par ocr_line ocrx_word'/>
</head>
<body>
  <div class='ocr_page' id='page_1' title='image "./opusculavariiarg02wytt/opusculavariiarg02wytt_0581.png"; bbox 0 0 1693 3110; ppageno 0'>
   <div class='ocr_carea' id='block_1_1' title="bbox 310 172 1339 230">
    <p class='ocr_par' dir='ltr' id='par_1_1' title="bbox 310 172 1339 230">
     <span class='ocr_line' id='line_1_1' title="bbox 310 172 1339 230; baseline -0.01 -4"><span class='ocrx_word' id='word_1_1' title='bbox 310 181 389 226; x_wconf 80' lang='lat' dir='ltr'><em>DE</em></span> <span class='ocrx_word' id='word_1_2' title='bbox 419 173 933 224; x_wconf 84' lang='lat' dir='ltr'><strong>IMMORTALITATE</strong></span> <span class='ocrx_word' id='word_1_3' title='bbox 966 172 1157 218; x_wconf 78' lang='lat' dir='ltr'><strong>ANIMI.</strong></span> <span class='ocrx_word' id='word_1_4' title='bbox 1257 175 1339 230; x_wconf 80' lang='lat'><em>565</em></span> 
     </span>
    </p>
   </div>
   <div class='ocr_carea' id='block_1_2' title="bbox 127 296 1529 2624">
    <p class='ocr_par' dir='ltr' id='par_1_2' title="bbox 127 296 1529 2624">
     <span class='ocr_line' id='line_1_2' title="bbox 129 296 1529 376; baseline -0.006 -31"><span class='ocrx_word' id='word_1_5' title='bbox 129 314 219 356; x_wconf 70' lang='lat' dir='ltr'><em>est,</em></span> <span class='ocrx_word' id='word_1_6' title='bbox 250 304 302 345; x_wconf 83' lang='lat' dir='ltr'><em>ab</em></span> <span class='ocrx_word' id='word_1_7' title='bbox 332 305 384 345; x_wconf 74' lang='lat' dir='ltr'><em>cci</em></span> <span class='ocrx_word' id='word_1_8' title='bbox 420 304 576 358; x_wconf 85' lang='lat' dir='ltr'><em>Corpus</em></span> <span class='ocrx_word' id='word_1_9' title='bbox 605 300 867 355; x_wconf 78' lang='lat' dir='ltr'><em>gubernari,</em></span> <span class='ocrx_word' id='word_1_10' title='bbox 909 311 1036 355; x_wconf 83' lang='lat' dir='ltr'><em>neque</em></span> <span class='ocrx_word' id='word_1_11' title='bbox 1070 305 1211 339; x_wconf 79' lang='lat' dir='ltr'><em>tamen</em></span> <span class='ocrx_word' id='word_1_12' title='bbox 1245 297 1337 352; x_wconf 85' lang='lat' dir='ltr'><em>ipsa</em></span> <span class='ocrx_word' id='word_1_13' title='bbox 1358 296 1529 376; x_wconf 45' lang='lat' dir='ltr'><em>ggffiatlgz</em></span> 
     </span>
     <span class='ocr_line' id='line_1_3' title="bbox 134 374 1342 435; baseline -0.007 -14"><span class='ocrx_word' id='word_1_14' title='bbox 134 382 403 435; x_wconf 75' lang='lat' dir='ltr'><em>conspicitur.</em></span> <span class='ocrx_word' id='word_1_15' title='bbox 421 377 446 395; x_wconf 87' lang='lat'><em>&#39;’</em></span> <span class='ocrx_word' id='word_1_16' title='bbox 502 377 567 418; x_wconf 84' lang='lat' dir='ltr'><em>Ex</em></span> <span class='ocrx_word' id='word_1_17' title='bbox 587 376 653 418; x_wconf 83' lang='lat' dir='ltr'><em>his</em></span> <span class='ocrx_word' id='word_1_18' title='bbox 687 375 902 428; x_wconf 81' lang='lat' dir='ltr'>colligitur</span> <span class='ocrx_word' id='word_1_19' title='bbox 942 374 1147 428; x_wconf 85' lang='lat' dir='ltr'><em>ejusmodi</em></span> <span class='ocrx_word' id='word_1_20' title='bbox 1178 383 1342 414; x_wconf 86' lang='lat' dir='ltr'>senten·</span> 
     </span>
     <span class='ocr_line' id='line_1_4' title="bbox 133 448 1340 508; baseline -0.002 -15"><span class='ocrx_word' id='word_1_21' title='bbox 133 451 215 495; x_wconf 86' lang='lat' dir='ltr'>tia:</span> <span class='ocrx_word' id='word_1_22' title='bbox 261 453 362 495; x_wconf 88' lang='lat' dir='ltr'><em>Esse</em></span> <span class='ocrx_word' id='word_1_23' title='bbox 406 451 619 508; x_wconf 80' lang='lat' dir='ltr'><em>quandam</em></span> <span class='ocrx_word' id='word_1_24' title='bbox 651 452 698 492; x_wconf 82' lang='lat' dir='ltr'><em>in</em></span> <span class='ocrx_word' id='word_1_25' title='bbox 749 462 893 491; x_wconf 86' lang='lat' dir='ltr'><em>rerum</em></span> <span class='ocrx_word' id='word_1_26' title='bbox 930 449 1116 492; x_wconf 62' lang='lat' dir='ltr'><em>Natura*</em></span> <span class='ocrx_word' id='word_1_27' title='bbox 1153 448 1340 490; x_wconf 84' lang='lat' dir='ltr'><em>Mentem</em></span> 
     </span>
     <span class='ocr_line' id='line_1_5' title="bbox 132 524 1343 584; baseline -0.002 -16"><span class='ocrx_word' id='word_1_28' title='bbox 132 530 295 570; x_wconf 65' lang='lat' dir='ltr'><em>summa*</em></span> <span class='ocrx_word' id='word_1_29' title='bbox 326 527 563 584; x_wconf 60' lang='lat' dir='ltr'><em>prudentia*</em></span> <span class='ocrx_word' id='word_1_30' title='bbox 607 535 646 566; x_wconf 86' lang='lat' dir='ltr'><em>et</em></span> <span class='ocrx_word' id='word_1_31' title='bbox 692 524 891 581; x_wconf 80' lang='lat' dir='ltr'><em>efficiendi</em></span> <span class='ocrx_word' id='word_1_32' title='bbox 928 533 1135 581; x_wconf 72' lang='lat' dir='ltr'><em>potestate</em></span> <span class='ocrx_word' id='word_1_33' title='bbox 1166 524 1343 580; x_wconf 86' lang='lat' dir='ltr'><em>praedi·</em></span> 
     </span>
     <span class='ocr_line' id='line_1_6' title="bbox 132 599 1341 657; baseline -0.003 -15"><span class='ocrx_word' id='word_1_34' title='bbox 132 610 251 654; x_wconf 82' lang='lat' dir='ltr'><em>tam;</em></span> <span class='ocrx_word' id='word_1_35' title='bbox 281 616 387 657; x_wconf 83' lang='lat' dir='ltr'><em>quae</em></span> <span class='ocrx_word' id='word_1_36' title='bbox 409 602 533 643; x_wconf 68' lang='lat' dir='ltr'><em>Alcas</em></span> <span class='ocrx_word' id='word_1_37' title='bbox 558 600 766 642; x_wconf 65' lang='lat' dir='ltr'><em>Blandum</em></span> <span class='ocrx_word' id='word_1_38' title='bbox 798 603 864 641; x_wconf 87' lang='lat' dir='ltr'><em>ita</em></span> <span class='ocrx_word' id='word_1_39' title='bbox 898 608 1023 655; x_wconf 79' lang='lat' dir='ltr'><em>regat</em></span> <span class='ocrx_word' id='word_1_40' title='bbox 1045 608 1085 640; x_wconf 86' lang='lat' dir='ltr'><em>et</em></span> <span class='ocrx_word' id='word_1_41' title='bbox 1102 599 1309 653; x_wconf 77' lang='lat' dir='ltr'><em>gubernet</em></span> <span class='ocrx_word' id='word_1_42' title='bbox 1324 629 1341 651; x_wconf 85' lang='lat'>‚</span> 
     </span>
     <span class='ocr_line' id='line_1_7' title="bbox 127 673 1344 732; baseline -0.002 -15"><span class='ocrx_word' id='word_1_43' title='bbox 127 680 274 732; x_wconf 79' lang='lat' dir='ltr'><em>prouti</em></span> <span class='ocrx_word' id='word_1_44' title='bbox 295 679 469 718; x_wconf 78' lang='lat' dir='ltr'><em>hominis</em></span> <span class='ocrx_word' id='word_1_45' title='bbox 496 678 654 718; x_wconf 74' lang='lat' dir='ltr'><em>Anima</em></span> <span class='ocrx_word' id='word_1_46' title='bbox 678 691 795 718; x_wconf 86' lang='lat' dir='ltr'><em>suum</em></span> <span class='ocrx_word' id='word_1_47' title='bbox 820 689 1008 731; x_wconf 85' lang='lat' dir='ltr'><em>quaeque</em></span> <span class='ocrx_word' id='word_1_48' title='bbox 1034 675 1206 730; x_wconf 87' lang='lat' dir='ltr'><em>Corpus.</em></span> <span class='ocrx_word' id='word_1_49' title='bbox 1262 673 1344 714; x_wconf 78' lang='lat' dir='ltr'><em>At-</em></span> 
     </span>
     <span class='ocr_line' id='line_1_8' title="bbox 131 752 1342 808; baseline -0.001 -16"><span class='ocrx_word' id='word_1_50' title='bbox 131 766 238 808; x_wconf 86' lang='lat' dir='ltr'><em>que,</em></span> <span class='ocrx_word' id='word_1_51' title='bbox 280 762 328 795; x_wconf 85' lang='lat' dir='ltr'><em>ut</em></span> <span class='ocrx_word' id='word_1_52' title='bbox 363 754 515 808; x_wconf 83' lang='lat' dir='ltr'><em>Corpus</em></span> <span class='ocrx_word' id='word_1_53' title='bbox 563 761 729 795; x_wconf 82' lang='lat' dir='ltr'><em>constat</em></span> <span class='ocrx_word' id='word_1_54' title='bbox 781 767 832 795; x_wconf 75' lang='lat' dir='ltr'><em>ex</em></span> <span class='ocrx_word' id='word_1_55' title='bbox 864 752 1061 808; x_wconf 77' lang='lat' dir='ltr'><em>partibus</em></span> <span class='ocrx_word' id='word_1_56' title='bbox 1102 753 1342 804; x_wconf 82' lang='lat' dir='ltr'><em>materiae,</em></span> 
     </span>
     <span class='ocr_line' id='line_1_9' title="bbox 132 828 1345 885; baseline -0.001 -15"><span class='ocrx_word' id='word_1_57' title='bbox 132 844 240 885; x_wconf 81' lang='lat' dir='ltr'><em>quae</em></span> <span class='ocrx_word' id='word_1_58' title='bbox 260 832 306 871; x_wconf 72' lang='lat' dir='ltr'><em>iu</em></span> <span class='ocrx_word' id='word_1_59' title='bbox 331 831 402 871; x_wconf 81' lang='lat' dir='ltr'><em>hoc</em></span> <span class='ocrx_word' id='word_1_60' title='bbox 436 831 599 874; x_wconf 78' lang='lat' dir='ltr'><em>Mundo</em></span> <span class='ocrx_word' id='word_1_61' title='bbox 635 839 720 871; x_wconf 85' lang='lat' dir='ltr'><em>est:</em></span> <span class='ocrx_word' id='word_1_62' title='bbox 759 833 824 872; x_wconf 82' lang='lat' dir='ltr'><em>ita</em></span> <span class='ocrx_word' id='word_1_63' title='bbox 859 831 1060 873; x_wconf 84' lang='lat' dir='ltr'><em>Animam</em></span> <span class='ocrx_word' id='word_1_64' title='bbox 1094 828 1265 870; x_wconf 85' lang='lat' dir='ltr'><em>ductam</em></span> <span class='ocrx_word' id='word_1_65' title='bbox 1304 836 1345 871; x_wconf 77' lang='lat' dir='ltr'><em>et</em></span> 
     </span>
     <span class='ocr_line' id='line_1_10' title="bbox 128 905 1343 961; baseline 0.001 -16"><span class='ocrx_word' id='word_1_66' title='bbox 128 906 393 959; x_wconf 78' lang='lat' dir='ltr'><em>profectam,</em></span> <span class='ocrx_word' id='word_1_67' title='bbox 436 917 653 961; x_wconf 54' lang='lat' dir='ltr'><em>tamquam</em></span> <span class='ocrx_word' id='word_1_68' title='bbox 685 905 954 961; x_wconf 69' lang='lat' dir='ltr'><em>particulam</em></span> <span class='ocrx_word' id='word_1_69' title='bbox 998 906 1157 946; x_wconf 82' lang='lat' dir='ltr'><em>Mentis</em></span> <span class='ocrx_word' id='word_1_70' title='bbox 1194 906 1343 956; x_wconf 81' lang='lat' dir='ltr'><em>illius,</em></span> 
     </span>
     <span class='ocr_line' id='line_1_11' title="bbox 133 980 1343 1038; baseline -0.001 -16"><span class='ocrx_word' id='word_1_71' title='bbox 133 995 242 1036; x_wconf 82' lang='lat' dir='ltr'><em>quae</em></span> <span class='ocrx_word' id='word_1_72' title='bbox 263 981 472 1024; x_wconf 73' lang='lat' dir='ltr'><em>Mundum</em></span> <span class='ocrx_word' id='word_1_73' title='bbox 495 991 619 1038; x_wconf 79' lang='lat' dir='ltr'><em>regat</em></span> <span class='ocrx_word' id='word_1_74' title='bbox 636 1014 652 1034; x_wconf 81' lang='lat'>‚</span> <span class='ocrx_word' id='word_1_75' title='bbox 686 991 816 1037; x_wconf 81' lang='lat' dir='ltr'><em>atque</em></span> <span class='ocrx_word' id='word_1_76' title='bbox 839 980 940 1026; x_wconf 75' lang='lat' dir='ltr'><em>adeo</em></span> <span class='ocrx_word' id='word_1_77' title='bbox 971 983 1224 1038; x_wconf 79' lang='lat' dir='ltr'><em>participem</em></span> <span class='ocrx_word' id='word_1_78' title='bbox 1262 992 1343 1021; x_wconf 87' lang='lat' dir='ltr'><em>esse</em></span> 
     </span>
     <span class='ocr_line' id='line_1_12' title="bbox 133 1055 1343 1110; baseline -0.002 -13"><span class='ocrx_word' id='word_1_79' title='bbox 133 1055 453 1100; x_wconf 78' lang='lat' dir='ltr'><em>Divinitatis.&#39;’</em></span> <span class='ocrx_word' id='word_1_80' title='bbox 512 1058 625 1110; x_wconf 84' lang='lat' dir='ltr'>Ergo</span> <span class='ocrx_word' id='word_1_81' title='bbox 662 1057 700 1099; x_wconf 87' lang='lat' dir='ltr'><em>si</em></span> <span class='ocrx_word' id='word_1_82' title='bbox 737 1069 1015 1109; x_wconf 79' lang='lat' dir='ltr'><em>quaeramus,</em></span> <span class='ocrx_word' id='word_1_83' title='bbox 1061 1066 1201 1097; x_wconf 87' lang='lat' dir='ltr'>utrum</span> <span class='ocrx_word' id='word_1_84' title='bbox 1242 1056 1343 1096; x_wconf 83' lang='lat' dir='ltr'>huic</span> 
     </span>
     <span class='ocr_line' id='line_1_13' title="bbox 137 1131 1358 1184; baseline -0.002 -11"><span class='ocrx_word' id='word_1_85' title='bbox 137 1133 365 1174; x_wconf 82' lang='lat' dir='ltr'><em>sententiae</em></span> <span class='ocrx_word' id='word_1_86' title='bbox 394 1145 656 1184; x_wconf 76' lang='lat' dir='ltr'><em>consequens</em></span> <span class='ocrx_word' id='word_1_87' title='bbox 697 1134 752 1181; x_wconf 73' lang='lat' dir='ltr'><em>sjt</em></span> <span class='ocrx_word' id='word_1_88' title='bbox 790 1145 840 1173; x_wconf 83' lang='lat' dir='ltr'><em>ex</em></span> <span class='ocrx_word' id='word_1_89' title='bbox 867 1132 1063 1184; x_wconf 77' lang='lat' dir='ltr'><em>duobus,</em></span> <span class='ocrx_word' id='word_1_90' title='bbox 1095 1131 1358 1172; x_wconf 58' lang='lat' dir='ltr'><em>Animamne‘</em></span> 
     </span>
     <span class='ocr_line' id='line_1_14' title="bbox 133 1205 1345 1260; baseline -0.002 -12"><span class='ocrx_word' id='word_1_91' title='bbox 133 1218 228 1248; x_wconf 90' lang='lat' dir='ltr'><em>cum</em></span> <span class='ocrx_word' id='word_1_92' title='bbox 275 1208 468 1260; x_wconf 85' lang='lat' dir='ltr'>Corpore</span> <span class='ocrx_word' id='word_1_93' title='bbox 513 1207 749 1260; x_wconf 75' lang='lat' dir='ltr'><em>exstingui,</em></span> <span class='ocrx_word' id='word_1_94' title='bbox 790 1219 841 1248; x_wconf 91' lang='lat' dir='ltr'><em>an</em></span> <span class='ocrx_word' id='word_1_95' title='bbox 879 1205 915 1247; x_wconf 87' lang='lat' dir='ltr'><em>ei</em></span> <span class='ocrx_word' id='word_1_96' title='bbox 964 1205 1213 1259; x_wconf 77' lang='lat' dir='ltr'><strong>superesse?</strong></span> <span class='ocrx_word' id='word_1_97' title='bbox 1255 1216 1345 1255; x_wconf 76' lang='lat' dir='ltr'><em>eam</em></span> 
     </span>
     <span class='ocr_line' id='line_1_15' title="bbox 139 1281 1345 1335; baseline -0.002 -12"><span class='ocrx_word' id='word_1_98' title='bbox 139 1293 379 1334; x_wconf 80' lang='lat' dir='ltr'><strong>superesse,</strong></span> <span class='ocrx_word' id='word_1_99' title='bbox 419 1283 646 1335; x_wconf 79' lang='lat' dir='ltr'><em>profecto,</em></span> <span class='ocrx_word' id='word_1_100' title='bbox 689 1281 889 1322; x_wconf 88' lang='lat' dir='ltr'>omnibus</span> <span class='ocrx_word' id='word_1_101' title='bbox 922 1282 1114 1333; x_wconf 86' lang='lat' dir='ltr'><em>partibus</em></span> <span class='ocrx_word' id='word_1_102' title='bbox 1148 1281 1345 1333; x_wconf 75' lang='lat' dir='ltr'>probabi-³·</span> 
     </span>
     <span class='ocr_line' id='line_1_16' title="bbox 132 1356 1341 1411; baseline 0 -14"><span class='ocrx_word' id='word_1_103' title='bbox 132 1357 216 1399; x_wconf 90' lang='lat' dir='ltr'>lius</span> <span class='ocrx_word' id='word_1_104' title='bbox 256 1370 344 1410; x_wconf 85' lang='lat' dir='ltr'><em>est,</em></span> <span class='ocrx_word' id='word_1_105' title='bbox 378 1371 500 1411; x_wconf 85' lang='lat' dir='ltr'><em>quam</em></span> <span class='ocrx_word' id='word_1_106' title='bbox 539 1370 625 1399; x_wconf 88' lang='lat' dir='ltr'><em>eam</em></span> <span class='ocrx_word' id='word_1_107' title='bbox 665 1356 845 1399; x_wconf 85' lang='lat' dir='ltr'>interire.</span> <span class='ocrx_word' id='word_1_108' title='bbox 905 1356 962 1398; x_wconf 91' lang='lat' dir='ltr'><em>Et</em></span> <span class='ocrx_word' id='word_1_109' title='bbox 999 1356 1224 1404; x_wconf 79' lang='lat' dir='ltr'><em>verisimile</em></span> <span class='ocrx_word' id='word_1_110' title='bbox 1247 1367 1341 1407; x_wconf 78' lang='lat' dir='ltr'><em>est,</em></span> 
     </span>
     <span class='ocr_line' id='line_1_17' title="bbox 130 1431 1346 1487; baseline -0.002 -13"><span class='ocrx_word' id='word_1_111' title='bbox 130 1444 225 1474; x_wconf 86' lang='lat' dir='ltr'><em>eum</em></span> <span class='ocrx_word' id='word_1_112' title='bbox 265 1434 345 1475; x_wconf 89' lang='lat' dir='ltr'><em>hoc</em></span> <span class='ocrx_word' id='word_1_113' title='bbox 385 1435 429 1476; x_wconf 90' lang='lat' dir='ltr'><em>in</em></span> <span class='ocrx_word' id='word_1_114' title='bbox 464 1435 624 1487; x_wconf 88' lang='lat' dir='ltr'>placito</span> <span class='ocrx_word' id='word_1_115' title='bbox 672 1431 919 1483; x_wconf 83' lang='lat' dir='ltr'>magistrum</span> <span class='ocrx_word' id='word_1_116' title='bbox 974 1434 1259 1484; x_wconf 81' lang='lat' dir='ltr'><em>Anaxagoram</em></span> <span class='ocrx_word' id='word_1_117' title='bbox 1303 1442 1346 1478; x_wconf 81' lang='lat' dir='ltr'><em>et</em></span> 
     </span>
     <span class='ocr_line' id='line_1_18' title="bbox 130 1505 1345 1560; baseline -0.002 -10"><span class='ocrx_word' id='word_1_118' title='bbox 130 1508 300 1550; x_wconf 86' lang='lat' dir='ltr'>Ionicos</span> <span class='ocrx_word' id='word_1_119' title='bbox 340 1520 529 1550; x_wconf 85' lang='lat' dir='ltr'><em>secutum</em></span> <span class='ocrx_word' id='word_1_120' title='bbox 566 1520 673 1550; x_wconf 85' lang='lat' dir='ltr'><em>esse.</em></span> <span class='ocrx_word' id='word_1_121' title='bbox 744 1506 876 1551; x_wconf 87' lang='lat' dir='ltr'>Porro</span> <span class='ocrx_word' id='word_1_122' title='bbox 923 1505 1106 1560; x_wconf 85' lang='lat' dir='ltr'>Cicero,</span> <span class='ocrx_word' id='word_1_123' title='bbox 1150 1506 1223 1559; x_wconf 89' lang='lat' dir='ltr'><em>qui</em></span> <span class='ocrx_word' id='word_1_124' title='bbox 1257 1518 1345 1547; x_wconf 83' lang='lat' dir='ltr'><em>non</em></span> 
     </span>
     <span class='ocr_line' id='line_1_19' title="bbox 132 1580 1345 1634; baseline -0.003 -10"><span class='ocrx_word' id='word_1_125' title='bbox 132 1595 180 1625; x_wconf 75' lang='lat' dir='ltr'><em>ex</em></span> <span class='ocrx_word' id='word_1_126' title='bbox 201 1584 371 1625; x_wconf 80' lang='lat' dir='ltr'>Platone</span> <span class='ocrx_word' id='word_1_127' title='bbox 395 1595 435 1626; x_wconf 90' lang='lat' dir='ltr'><em>et</em></span> <span class='ocrx_word' id='word_1_128' title='bbox 461 1582 739 1634; x_wconf 80' lang='lat' dir='ltr'><em>Xenophonte</em></span> <span class='ocrx_word' id='word_1_129' title='bbox 780 1583 945 1633; x_wconf 82' lang='lat' dir='ltr'>solum,</span> <span class='ocrx_word' id='word_1_130' title='bbox 978 1582 1048 1623; x_wconf 86' lang='lat' dir='ltr'><em>sed</em></span> <span class='ocrx_word' id='word_1_131' title='bbox 1082 1594 1132 1623; x_wconf 85' lang='lat' dir='ltr'><em>ex</em></span> <span class='ocrx_word' id='word_1_132' title='bbox 1160 1580 1345 1634; x_wconf 54' lang='lat' dir='ltr'><em>reliquo,</em></span> 
     </span>
     <span class='ocr_line' id='line_1_20' title="bbox 132 1656 1345 1715; baseline -0.002 -16"><span class='ocrx_word' id='word_1_133' title='bbox 132 1670 224 1699; x_wconf 89' lang='lat' dir='ltr'><em>rum</em></span> <span class='ocrx_word' id='word_1_134' title='bbox 263 1658 464 1711; x_wconf 86' lang='lat' dir='ltr'><em>scriptis,</em></span> <span class='ocrx_word' id='word_1_135' title='bbox 508 1660 557 1700; x_wconf 88' lang='lat' dir='ltr'><em>de</em></span> <span class='ocrx_word' id='word_1_136' title='bbox 599 1659 768 1704; x_wconf 83' lang='lat' dir='ltr'>Socrate</span> <span class='ocrx_word' id='word_1_137' title='bbox 808 1660 993 1715; x_wconf 84' lang='lat' dir='ltr'>judicare</span> <span class='ocrx_word' id='word_1_138' title='bbox 1031 1667 1244 1710; x_wconf 82' lang='lat' dir='ltr'><em>poterat,</em></span> <span class='ocrx_word' id='word_1_139' title='bbox 1285 1656 1345 1705; x_wconf 78' lang='lat' dir='ltr'><em>ita</em></span> 
     </span>
     <span class='ocr_line' id='line_1_21' title="bbox 132 1732 1347 1788; baseline 0.002 -14"><span class='ocrx_word' id='word_1_140' title='bbox 132 1734 416 1786; x_wconf 89' lang='lat' dir='ltr'><em>pronunciat,</em></span> <span class='ocrx_word' id='word_1_141' title='bbox 457 1743 503 1774; x_wconf 92' lang='lat' dir='ltr'><em>ut</em></span> <span class='ocrx_word' id='word_1_142' title='bbox 546 1735 634 1788; x_wconf 87' lang='lat' dir='ltr'><em>ejus</em></span> <span class='ocrx_word' id='word_1_143' title='bbox 670 1738 898 1780; x_wconf 85' lang='lat' dir='ltr'><em>auctoritas</em></span> <span class='ocrx_word' id='word_1_144' title='bbox 949 1733 1064 1776; x_wconf 87' lang='lat' dir='ltr'><em>omni</em></span> <span class='ocrx_word' id='word_1_145' title='bbox 1094 1732 1347 1786; x_wconf 64' lang='lat' dir='ltr'>exceptione</span> 
     </span>
     <span class='ocr_line' id='line_1_22' title="bbox 132 1807 1340 1862; baseline -0.002 -13"><span class='ocrx_word' id='word_1_146' title='bbox 132 1810 266 1862; x_wconf 86' lang='lat' dir='ltr'>major</span> <span class='ocrx_word' id='word_1_147' title='bbox 301 1809 487 1850; x_wconf 86' lang='lat' dir='ltr'>habenda</span> <span class='ocrx_word' id='word_1_148' title='bbox 521 1809 600 1852; x_wconf 86' lang='lat' dir='ltr'><em>sit:</em></span> <span class='ocrx_word' id='word_1_149' title='bbox 640 1811 705 1853; x_wconf 85' lang='lat' dir='ltr'><em>De</em></span> <span class='ocrx_word' id='word_1_150' title='bbox 743 1809 936 1855; x_wconf 81' lang='lat' dir='ltr'><em>Amicitia</em></span> <span class='ocrx_word' id='word_1_151' title='bbox 969 1810 1080 1862; x_wconf 84' lang='lat' dir='ltr'><em>Cap.</em></span> <span class='ocrx_word' id='word_1_152' title='bbox 1110 1808 1187 1850; x_wconf 84' lang='lat' dir='ltr'><em>IV.</em></span> <span class='ocrx_word' id='word_1_153' title='bbox 1235 1807 1340 1848; x_wconf 83' lang='lat' dir='ltr'><em>Plus</em></span> 
     </span>
     <span class='ocr_line' id='line_1_23' title="bbox 131 1883 1343 1940; baseline -0.001 -16"><span class='ocrx_word' id='word_1_154' title='bbox 131 1883 250 1938; x_wconf 81' lang='lat' dir='ltr'><em>apud</em></span> <span class='ocrx_word' id='word_1_155' title='bbox 272 1897 335 1925; x_wconf 89' lang='lat' dir='ltr'><em>me</em></span> <span class='ocrx_word' id='word_1_156' title='bbox 356 1884 639 1940; x_wconf 76' lang='lat' dir='ltr'><em>Antiquarum</em></span> <span class='ocrx_word' id='word_1_157' title='bbox 664 1887 778 1930; x_wconf 74' lang='lat' dir='ltr'><em>valet</em></span> <span class='ocrx_word' id='word_1_158' title='bbox 799 1889 1036 1931; x_wconf 82' lang='lat' dir='ltr'><em>auctoritas</em></span> <span class='ocrx_word' id='word_1_159' title='bbox 1053 1914 1067 1936; x_wconf 88' lang='lat'>,</span> <span class='ocrx_word' id='word_1_160' title='bbox 1094 1884 1163 1927; x_wconf 73' lang='lat' dir='ltr'><em>‘vel</em></span> <span class='ocrx_word' id='word_1_161' title='bbox 1184 1891 1343 1924; x_wconf 76' lang='lat' dir='ltr'><em>nostro·</em></span> 
     </span>
     <span class='ocr_line' id='line_1_24' title="bbox 132 1957 1340 2017; baseline -0.004 -15"><span class='ocrx_word' id='word_1_162' title='bbox 132 1973 228 2002; x_wconf 78' lang='lat' dir='ltr'><em>rum</em></span> <span class='ocrx_word' id='word_1_163' title='bbox 272 1962 510 2014; x_wconf 80' lang='lat' dir='ltr'><em>majorum,</em></span> <span class='ocrx_word' id='word_1_164' title='bbox 551 1964 625 2017; x_wconf 82' lang='lat' dir='ltr'><em>qm·</em></span> <span class='ocrx_word' id='word_1_165' title='bbox 656 1966 834 2004; x_wconf 84' lang='lat' dir='ltr'><em>mortuis</em></span> <span class='ocrx_word' id='word_1_166' title='bbox 877 1969 965 2004; x_wconf 75' lang='lat' dir='ltr'><em>tam</em></span> <span class='ocrx_word' id='word_1_167' title='bbox 1000 1960 1199 2014; x_wconf 79' lang='lat' dir='ltr'><em>religiosa</em></span> <span class='ocrx_word' id='word_1_168' title='bbox 1223 1957 1340 2010; x_wconf 81' lang='lat' dir='ltr'><em>jura</em></span> 
     </span>
     <span class='ocr_line' id='line_1_25' title="bbox 132 2034 1344 2094; baseline -0.002 -18"><span class='ocrx_word' id='word_1_169' title='bbox 132 2035 374 2077; x_wconf 80' lang='lat' dir='ltr'><em>tribuerunt</em></span> <span class='ocrx_word' id='word_1_170' title='bbox 406 2060 461 2077; x_wconf 92' lang='lat'><em>—.</em></span> <span class='ocrx_word' id='word_1_171' title='bbox 502 2042 572 2082; x_wconf 75' lang='lat' dir='ltr'><em>vel</em></span> <span class='ocrx_word' id='word_1_172' title='bbox 597 2043 683 2081; x_wconf 87' lang='lat' dir='ltr'><em>eius</em></span> <span class='ocrx_word' id='word_1_173' title='bbox 719 2041 741 2094; x_wconf 85' lang='lat'>(</span> <span class='ocrx_word' id='word_1_174' title='bbox 759 2039 985 2091; x_wconf 82' lang='lat' dir='ltr'><em>Socratis)</em></span> <span class='ocrx_word' id='word_1_175' title='bbox 1028 2038 1100 2092; x_wconf 80' lang='lat' dir='ltr'><em>qui</em></span> <span class='ocrx_word' id='word_1_176' title='bbox 1129 2034 1344 2090; x_wconf 80' lang='lat' dir='ltr'><em>Apollinis</em></span> 
     </span>
     <span class='ocr_line' id='line_1_26' title="bbox 134 2111 1343 2172; baseline -0.001 -21"><span class='ocrx_word' id='word_1_177' title='bbox 134 2111 305 2153; x_wconf 87' lang='lat' dir='ltr'><em>oraculo</em></span> <span class='ocrx_word' id='word_1_178' title='bbox 336 2116 662 2172; x_wconf 76' lang='lat' dir='ltr'><em>sapientissimus</em></span> <span class='ocrx_word' id='word_1_179' title='bbox 697 2125 756 2156; x_wconf 85' lang='lat' dir='ltr'><em>est</em></span> <span class='ocrx_word' id='word_1_180' title='bbox 775 2113 1027 2165; x_wconf 79' lang='lat' dir='ltr'><em>judicatus.-</em></span> <span class='ocrx_word' id='word_1_181' title='bbox 1055 2111 1129 2165; x_wconf 85' lang='lat' dir='ltr'><em>qui</em></span> <span class='ocrx_word' id='word_1_182' title='bbox 1151 2123 1230 2157; x_wconf 71' lang='lat' dir='ltr'><em>nou</em></span> <span class='ocrx_word' id='word_1_183' title='bbox 1252 2118 1343 2150; x_wconf 82' lang='lat' dir='ltr'><em>tum</em></span> 
     </span>
     <span class='ocr_line' id='line_1_27' title="bbox 134 2182 1344 2245; baseline -0.003 -18"><span class='ocrx_word' id='word_1_184' title='bbox 134 2186 209 2227; x_wconf 81' lang='lat' dir='ltr'><em>hoc</em></span> <span class='ocrx_word' id='word_1_185' title='bbox 243 2197 328 2229; x_wconf 87' lang='lat' dir='ltr'><em>tum</em></span> <span class='ocrx_word' id='word_1_186' title='bbox 352 2189 491 2242; x_wconf 77' lang='lat' dir='ltr'><em>illud,</em></span> <span class='ocrx_word' id='word_1_187' title='bbox 520 2201 567 2232; x_wconf 84' lang='lat' dir='ltr'><em>ut</em></span> <span class='ocrx_word' id='word_1_188' title='bbox 597 2195 644 2231; x_wconf 80' lang='lat' dir='ltr'><em>in</em></span> <span class='ocrx_word' id='word_1_189' title='bbox 666 2190 880 2245; x_wconf 84' lang='lat' dir='ltr'><em>plerisque</em></span> <span class='ocrx_word' id='word_1_190' title='bbox 898 2218 913 2239; x_wconf 91' lang='lat'>‚</span> <span class='ocrx_word' id='word_1_191' title='bbox 943 2186 1014 2227; x_wconf 82' lang='lat' dir='ltr'><em>sed</em></span> <span class='ocrx_word' id='word_1_192' title='bbox 1043 2186 1150 2231; x_wconf 82' lang='lat' dir='ltr'><em>idem</em></span> <span class='ocrx_word' id='word_1_193' title='bbox 1176 2182 1344 2226; x_wconf 71' lang='lat' dir='ltr'><em>dicebat</em></span> 
     </span>
     <span class='ocr_line' id='line_1_28' title="bbox 134 2261 1341 2316; baseline 0.007 -14"><span class='ocrx_word' id='word_1_194' title='bbox 134 2272 319 2316; x_wconf 77' lang='lat' dir='ltr'><em>semper,</em></span> <span class='ocrx_word' id='word_1_195' title='bbox 364 2265 536 2306; x_wconf 84' lang='lat' dir='ltr'><em>Animos</em></span> <span class='ocrx_word' id='word_1_196' title='bbox 567 2267 776 2306; x_wconf 80' lang='lat' dir='ltr'><em>bominum</em></span> <span class='ocrx_word' id='word_1_197' title='bbox 813 2276 893 2303; x_wconf 88' lang='lat' dir='ltr'><em>esse</em></span> <span class='ocrx_word' id='word_1_198' title='bbox 930 2261 1135 2311; x_wconf 68' lang='lat' dir='ltr'><em>Divinos,</em></span> <span class='ocrx_word' id='word_1_199' title='bbox 1177 2261 1341 2314; x_wconf 75' lang='lat' dir='ltr'><em>iisque,</em></span> 
     </span>
     <span class='ocr_line' id='line_1_29' title="bbox 134 2335 1340 2394; baseline -0.001 -15"><span class='ocrx_word' id='word_1_200' title='bbox 134 2351 228 2379; x_wconf 70' lang='lat' dir='ltr'><em>cum</em></span> <span class='ocrx_word' id='word_1_201' title='bbox 253 2351 274 2378; x_wconf 89' lang='lat' dir='ltr'><em>e</em></span> <span class='ocrx_word' id='word_1_202' title='bbox 292 2350 466 2394; x_wconf 84' lang='lat' dir='ltr'><em>corpore</em></span> <span class='ocrx_word' id='word_1_203' title='bbox 489 2344 778 2392; x_wconf 75' lang='lat' dir='ltr'><em>excessissent,</em></span> <span class='ocrx_word' id='word_1_204' title='bbox 810 2337 994 2382; x_wconf 78' lang='lat' dir='ltr'><em>reditum</em></span> <span class='ocrx_word' id='word_1_205' title='bbox 1021 2338 1067 2381; x_wconf 75' lang='lat' dir='ltr'><em>in</em></span> <span class='ocrx_word' id='word_1_206' title='bbox 1087 2335 1240 2384; x_wconf 70' lang='lat' dir='ltr'><em>coelum</em></span> <span class='ocrx_word' id='word_1_207' title='bbox 1259 2346 1340 2390; x_wconf 65' lang='lat' dir='ltr'><em>pao.</em></span> 
     </span>
     <span class='ocr_line' id='line_1_30' title="bbox 134 2408 1339 2471; baseline -0.007 -14"><span class='ocrx_word' id='word_1_208' title='bbox 134 2420 250 2465; x_wconf 72' lang='lat' dir='ltr'><em>tare,</em></span> <span class='ocrx_word' id='word_1_209' title='bbox 281 2418 430 2469; x_wconf 86' lang='lat' dir='ltr'><em>optimo</em></span> <span class='ocrx_word' id='word_1_210' title='bbox 453 2426 493 2457; x_wconf 84' lang='lat' dir='ltr'><em>et</em></span> <span class='ocrx_word' id='word_1_211' title='bbox 503 2417 737 2468; x_wconf 78' lang='lat' dir='ltr'><em>justissimo</em></span> <span class='ocrx_word' id='word_1_212' title='bbox 763 2417 912 2471; x_wconf 74' lang='lat' dir='ltr'><em>cuique</em></span> <span class='ocrx_word' id='word_1_213' title='bbox 936 2408 1339 2468; x_wconf 73' lang='lat' dir='ltr'><em>expeditissimum,”¹</em></span> 
     </span>
     <span class='ocr_line' id='line_1_31' title="bbox 141 2485 1337 2547; baseline -0.01 -13"><span class='ocrx_word' id='word_1_214' title='bbox 141 2487 337 2547; x_wconf 68' lang='lat' dir='ltr'><em>Cumque</em></span> <span class='ocrx_word' id='word_1_215' title='bbox 373 2493 482 2545; x_wconf 81' lang='lat' dir='ltr'><em>apud</em></span> <span class='ocrx_word' id='word_1_216' title='bbox 516 2493 727 2544; x_wconf 71' lang='lat' dir='ltr'><em>Platonem</em></span> <span class='ocrx_word' id='word_1_217' title='bbox 769 2491 812 2531; x_wconf 87' lang='lat' dir='ltr'><em>in</em></span> <span class='ocrx_word' id='word_1_218' title='bbox 854 2488 1065 2543; x_wconf 74' lang='lat' dir='ltr'><em>Apologia</em></span> <span class='ocrx_word' id='word_1_219' title='bbox 1111 2489 1160 2531; x_wconf 80' lang='lat' dir='ltr'><em>de</em></span> <span class='ocrx_word' id='word_1_220' title='bbox 1192 2485 1337 2533; x_wconf 67' lang='lat' dir='ltr'><em>futura,</em></span> 
     </span>
     <span class='ocr_line' id='line_1_32' title="bbox 792 2559 1342 2624; baseline 0.005 -17"><span class='ocrx_word' id='word_1_221' title='bbox 792 2564 874 2615; x_wconf 78' lang='lat' dir='ltr'><em>Nn</em></span> <span class='ocrx_word' id='word_1_222' title='bbox 905 2576 931 2624; x_wconf 77' lang='lat'><strong>3</strong></span> <span class='ocrx_word' id='word_1_223' title='bbox 1236 2559 1342 2612; x_wconf 47' lang='lat' dir='ltr'><em>Aah</em></span> 
     </span>
    </p>
   </div>
  </div>
 </body>
</html>
