1693 3110
476 170 585 216 AD
655 170 1180 217 HEUSDIUM.
1390 171 1447 222 1⁴1·

223 293 294 340 nis
325 294 766 348 interpretationisque
793 295 954 346 sylvam
981 295 1151 338 duobus
1174 296 1283 340 locis
1305 301 1447 342 conti-

224 373 344 424 neri,
375 373 503 414 altero
522 375 569 414 in
591 374 678 428 ipso
699 372 934 425 scriptore,
966 373 1095 414 altero
1120 383 1233 414 extra
1263 386 1358 416 eum
1395 379 1445 418 in

224 448 328 492 aliis
353 447 648 504 scriptoribus.

282 525 422 580 Ipsum
443 526 690 578 scriptorem
710 521 899 563 bifariam
918 521 1127 564 dicimus:
1156 524 1291 575 primo
1306 528 1444 581 ipsum

223 601 426 644 hominem
442 630 457 650 ‚
482 600 580 651 quis
599 629 613 651 ‚
634 599 802 652 quando
817 629 832 651 ,
858 599 960 650 ubi,
987 599 1144 652 quibus
1171 603 1442 655 parentibus,

221 687 305 727 qua
331 683 482 727 gente,
515 674 677 726 patria,
709 674 818 714 vitae
853 673 1018 714 actione
1046 682 1086 714 et
1122 672 1249 714 factis
1283 674 1437 719 fuerit:

221 750 395 802 deinde,
421 751 510 801 ejus
544 754 723 805 scripta.
785 747 945 790 Prioris
969 749 1130 802 generis
1155 749 1445 802 cognitionem

216 839 342 880 saepe
365 827 485 868 etiam
511 839 559 868 ex
580 825 784 867 Literaffia
816 823 1001 866 Historia
1028 823 1272 877 percipiunt
1300 825 1439 866 homi-

218 918 321 957 nes,
365 905 440 958 qui
483 905 578 959 ipsa
614 902 832 956 scrlptoris
870 901 1027 954 scripta
1063 914 1293 954 numquam
1333 905 1442 956 lege-

216 989 342 1032 runt3
379 980 602 1033 quomagis
636 991 681 1019 ea
717 976 843 1019 nobis
872 987 912 1018 et
936 975 1076 1029 primo
1113 977 1240 1029 loco,
1272 987 1312 1019 et
1344 978 1442 1020 dili-

215 1067 383 1111 genter,
416 1057 588 1098 tenenda
614 1055 707 1097 erit.
769 1055 962 1097 Alterum
1000 1065 1163 1107 genus,
1196 1055 1313 1107 quod
1341 1059 1437 1111 ipsa

211 1133 374 1186 scripta
407 1131 627 1182 continet,
659 1129 702 1171 in
738 1141 920 1181 quorum
956 1128 1138 1170 lectione
1170 1139 1210 1170 et
1244 1135 1441 1173 accurata

207 1207 492 1261 intelligentia
519 1207 645 1249 nobis
667 1206 765 1248 finis
794 1207 932 1248 omnis
959 1215 1127 1248 nostrae
1149 1219 1299 1260 operae
1321 1208 1440 1260 posi-

211 1292 285 1324 tus
307 1292 398 1334 est,
431 1282 473 1324 in
495 1282 634 1325 tribus
659 1280 845 1324 cernitur
867 1281 1061 1335 partibus
1076 1312 1092 1335 ‚
1114 1281 1321 1337 dictione,
1347 1298 1440 1326 ma-

211 1363 359 1411 teria,
379 1361 546 1414 forma.
1189 1368 1191 1371 ’

271 1441 444 1489 Atque,
476 1435 684 1489 siquidem
712 1435 767 1477 ita
791 1437 941 1478 natura
964 1446 1251 1489 comparatum
1272 1446 1362 1490 est,
1388 1447 1438 1480 ut

211 1525 235 1554 a
259 1512 399 1554 verbis
419 1512 470 1553 ad
496 1524 559 1553 res
581 1510 933 1563 proficiscendum
960 1511 1016 1551 sit
1032 1541 1046 1561 ‚
1081 1513 1262 1563 primum
1286 1512 1437 1554 dictio-

215 1589 261 1626 ni
284 1585 579 1626 studebimus:
612 1584 960 1626 consuetudinem
983 1586 1237 1638 scriptoris‚
1269 1600 1364 1629 cum
1390 1589 1439 1631 in

211 1661 395 1714 singulis
429 1661 595 1712 verbis,
627 1670 715 1701 tum
740 1662 783 1701 in
819 1662 1143 1703 constructione
1175 1664 1438 1716 caeterisque

213 1737 406 1793 partibus
432 1736 635 1778 orationis
652 1766 667 1788 ,
699 1735 845 1789 figuris
861 1766 876 1788 ,
920 1737 1136 1779 sententiis
1155 1768 1170 1790 ,
1200 1742 1402 1793 exemplis
1418 1772 1436 1794 ,

212 1812 601 1868 comparationibus
617 1844 633 1865 ,
665 1812 912 1855 notabimus
929 1844 943 1866 ‚
975 1814 1188 1857 indicibus
1211 1816 1438 1871 consigna-

204 1891 380 1942 bimus,
411 1899 459 1933 ut
483 1899 672 1942 paratum
698 1891 924 1933 habeamus
946 1891 1137 1934 Lexicon
1157 1923 1172 1944 ,
1206 1896 1329 1949 cujus
1355 1908 1436 1948 ope

208 1969 457 2022 scriptorem
483 1980 627 2010 secum
655 1968 794 2020 ipsum
817 1968 1081 2010 conferamus
1107 1981 1146 2011 et
1174 1983 1223 2012 ex
1248 1972 1345 2023 ipso
1369 1972 1437 2014 in·

205 2053 507 2098 terpretemur:
547 2057 651 2096 quae
681 2047 814 2097 prima
845 2056 884 2086 et
917 2046 1154 2088 certissima
1193 2048 1334 2091 omnis
1368 2049 1436 2090 in-

204 2120 457 2174 telligentiae
490 2130 555 2162 est
592 2121 683 2173 via,
722 2131 762 2162 et
801 2122 935 2163 totius
973 2123 1265 2176 grammaticae
1300 2127 1430 2168 inter-

203 2198 454 2252 pretationis
472 2197 806 2241 fundamentum.
854 2199 951 2254 Qua
976 2200 1017 2241 in
1040 2212 1081 2241 re
1102 2213 1224 2253 saepe
1242 2202 1428 2246 officium

206 2275 436 2317 desideravi
468 2275 722 2328 Editorum,
767 2277 840 2329 qui
886 2277 973 2318 suis
1007 2278 1266 2321 editionibus
1306 2281 1424 2323 nulla

207 2352 428 2392 verborum
454 2351 610 2394 Lexica
636 2354 823 2404 addunt,
856 2353 1000 2406 itaque
1033 2367 1102 2396 eas
1128 2366 1210 2397 tam
1236 2368 1426 2400 necessa-

207 2427 272 2470 rio
293 2429 547 2483 intelligendi
564 2430 867 2483 judicandique
885 2431 1079 2473 subsidio
1099 2444 1237 2473 carere
1259 2434 1422 2474 sinunt.

205 2500 374 2548 Habent
392 2506 613 2559 pleraeque
629 2504 882 2548 Latinorum
901 2505 1106 2550 editiones
1127 2506 1419 2560 Scriptorum:

1299 2581 1428 2626 Grae*
