1693 3110
355 135 434 181 DE
466 132 987 181 IMMORTALITATE
1018 131 1209 178 ANIMI.
1293 139 1380 188 537

175 268 236 302 ’ne
257 258 543 310 prodiderunt.
603 258 766 300 Primus
785 257 841 299 sit
865 270 892 299 E
912 270 998 299 Plc
1014 269 1126 299 HAR
1142 266 1254 298 Mus
1270 284 1285 305 ‚
1312 267 1385 307 pa·
1406 260 1490 290 Sect—
1513 259 1557 290 Π·
1589 298 1601 306 ,

181 335 263 375 tria
298 334 450 385 Εὐας,
480 334 552 376 sed
584 335 752 376 Siculus
786 333 1051 385 appellatus,
1084 332 1198 385 quod
1217 330 1382 386 Juvenis
1405 303 1614 380 ἓᾛῑὶὲῗιῖῗῖω

181 407 225 449 in
249 409 428 451 Siciliam
455 409 616 451 delatus
633 440 647 461 ‚
683 409 738 450 ibi
762 408 989 461 sapientiae
1012 408 1131 448 laude
1156 406 1383 448 floruisset.
1408 393 1489 419 “¹⁰⁵⁹

178 482 262 525 Hic
286 497 333 526 ex
356 486 611 538 Pythagorae
645 485 791 525 schola
829 482 1048 536 profectus
1065 512 1080 533 ‚
1112 494 1241 534 quum
1266 480 1386 523 nefas

178 558 404 600 haberetur
433 561 548 602 illius
587 559 741 611 placita
777 559 972 611 vulgare,
1018 559 1178 599 invenit
1226 568 1388 599 novum

171 644 364 685 ‘poeseos
388 647 544 688 genus,
577 636 693 688 quod
716 633 974 677 Comoediae
1005 634 1175 674 nomine
1206 632 1388 675 celebra-

181 708 347 751 bratum
373 721 461 752 est:
493 713 670 763 eJ'usque
693 722 874 763 poeseos
903 709 1219 761 opportunitate
1253 720 1388 759 usus,

178 783 495 837 Philosophiam
531 788 571 827 in
604 785 790 827 Tliearro
820 785 1027 827 exhibuit.
1088 782 1276 834 Statuit,
1307 797 1392 833 om?

176 873 272 901 nem
289 890 303 910 ‚
336 875 416 901 non
440 870 607 902 tantum
640 860 880 914 cogitandi,
911 859 983 900 sed
1002 868 1043 900 ct
1073 857 1280 900 sentiendi
1304 861 1390 901 vim

173 935 222 976 in
246 938 328 977 solo
355 939 509 976 Animo
533 939 713 990 positam
734 946 846 976 esse:
879 935 1035 991 Corpus
1061 938 1196 989 ipsum
1222 932 1391 988 ejusquo

175 1022 315 1051 sensus
344 1011 410 1051 nil
437 1012 610 1052 sentire.
667 1011 838 1052 Dictum
870 1011 959 1063 eJ'us
989 1008 1297 1060 frequentatum
1325 1014 1390 1049 est

177 1084 229 1125 ab
261 1085 489 1136 Antiquis:
525 1091 631 1134 Νοῦς
661 1089 725 1142 §pff
753 1087 819 1130 καὶ
845 1090 928 1133 νοῦς
953 1087 1084 1127 ἀκούει
1102 1113 1117 1134 ,
1139 1083 1181 1127 τ’
1215 1084 1328 1125 ἄλλοι
1351 1083 1393 1126 δὲ

177 1164 319 1211 τυφλοὶ
343 1161 409 1204 καὶ
434 1163 568 1216 κωφή·
602 1163 628 1203 i.
661 1175 698 1205 e.
762 1191 796 1213 „
829 1162 952 1203 Mens
977 1159 1120 1211 videt,
1153 1157 1279 1199 Mens
1314 1172 1394 1199 au-

178 1234 245 1277 dit
262 1265 277 1285 ,
306 1236 475 1289 reliqua
499 1245 596 1276 sunt
616 1249 742 1278 caeca
763 1246 801 1276 et
822 1232 1006 1276 surda.’'
1047 1232 1148 1274 Vid.
1173 1232 1390 1276 Plutarch.

169 1309 238 1353 ·T.
265 1309 323 1351 Il.
356 1323 401 1362 p.
432 1312 522 1363 336.
555 1310 603 1353 B.
665 1310 763 1353 Huc
795 1310 979 1363 respexit
1004 1309 1156 1352 Cicero
1186 1306 1324 1351 Tusc.
1356 1308 1390 1352 I.

171 1397 252 1431 20:
294 1416 328 1438 ‚,
353 1394 400 1426 ut
421 1385 563 1438 facile
587 1386 778 1441 intelligi
797 1388 953 1442 possit,
985 1387 1188 1427 Animum
1215 1392 1255 1423 et
1277 1382 1393 1426 vide-

174 1476 224 1506 re
259 1470 299 1502 et
337 1459 519 1511 audire,
551 1475 633 1502 non
667 1475 736 1502 eas
763 1469 944 1516 partes,
987 1471 1096 1514 quae
1128 1461 1251 1513 quasi
1269 1458 1392 1510 fene-

172 1547 292 1581 strae
327 1538 412 1576 sint
444 1534 642 1577 animi:”
684 1536 734 1576 ad
770 1547 891 1586 quem
925 1534 1065 1575 locum
1104 1533 1392 1576 consulendus

178 1624 242 1655 est
278 1612 494 1654 Davisius.
554 1609 838 1663 Reprehendit
878 1609 991 1652 illam
1027 1608 1271 1661 opinionem
1303 1608 1394 1652 Lu·

172 1687 330 1730 cretius
348 1717 362 1739 ‚
392 1686 466 1731 111.
501 1686 570 1740 36.

228 1801 388 1850 Dicere
408 1812 540 1856 porro
565 1799 700 1842 oculos
720 1797 883 1840 nullam
908 1812 996 1840 rem
1022 1812 1196 1841 cernere
1215 1811 1359 1857 posse,

231 1876 316 1920 Sed
322 1888 400 1931 per
413 1889 477 1916 eos
494 1876 695 1917 Animum
716 1883 764 1920 ut
776 1875 947 1926 foribus
971 1885 1163 1931 spectare
1186 1877 1361 1917 reclusis
1374 1906 1387 1929 ‚

168 1950 173 1955 ’
225 1953 431 2009 Desipere
455 1959 528 1994 est.

167 2065 289 2112 Huic
323 2065 454 2119 igitur
489 2062 648 2116 placito
679 2075 944 2116 consequens
984 2074 1096 2117 erat,
1126 2074 1176 2106 ut
1207 2065 1391 2107 Animus

178 2142 239 2184 acl
267 2139 487 2184 vivendum
522 2138 625 2181 adeo
661 2152 742 2180 non
772 2149 946 2194 corpore
979 2152 1076 2196 opus
1108 2141 1311 2192 haberet,
1341 2150 1390 2183 ut

167 2224 260 2272 post
283 2215 401 2256 illius
423 2223 595 2256 mortem
616 2216 662 2254 in
689 2215 914 2256 Aetherem
947 2216 1089 2256 abiret
1110 2216 1248 2272 ibique
1275 2220 1389 2271 vige-

178 2299 263 2333 ret.
304 2289 441 2330 Verba
468 2291 637 2341 Poetae,
669 2289 826 2342 quibus
849 2290 946 2332 haec
971 2292 1175 2333 sententia
1196 2292 1392 2333 contine-

178 2375 277 2416 tur,
308 2365 489 2406 servavit
511 2365 761 2407 Plutarchus
785 2364 828 2406 in
851 2353 1162 2409 Consolatione
1179 2368 1228 2408 ad
1252 2368 1391 2418 Apol-

170 2440 332 2484 lonium
364 2440 421 2484 T.
444 2441 500 2486 11.
530 2453 577 2495 p.
615 2454 710 2491 ηρ.
741 2441 795 2484 A.
852 2444 996 2490 Καλῶς
1031 2441 1093 2487 οὖν
1126 2444 1145 2487 ὃ
1186 2443 1389 2496 Ἐπίχαρ-

460 2523 464 2528 ’
842 2514 909 2558 Ll
948 2529 974 2570 5
1280 2533 1383 2571 μσς,
