1693 3110
320 186 398 229 DE
428 180 945 230 IMMORTALITATE
976 182 1167 229 ANIMI.
1275 185 1359 240 617

147 306 303 351 habitu
335 317 626 358 recensentur,
670 306 917 361 intelligitur
958 308 1250 349 Antisthenem
1284 317 1369 351 sta·
1391 328 1476 359 sect.
1498 325 1573 360 vm

152 383 318 435 tuisse,
359 383 549 425 Animam
586 379 771 434 Corpori
808 382 1079 435 superstitem
1104 395 1211 425 esse.
1272 382 1366 423 Huc
1391 369 1560 447 Χζζξῐςξῂῦέ

154 457 341 509 accedit,
371 457 485 509 quod
521 467 643 499 nemo
680 457 878 499 Veterum
911 458 1126 509 prodidit,
1158 469 1251 501 eum
1288 457 1366 498 hac
1390 462 1459 486 ¹¹²⁵·

154 537 199 579 in
221 550 335 592 parte
358 551 380 580 a
406 538 576 580 Socrate
601 535 870 580 dissensisse.
922 535 1053 591 Quod
1076 545 1367 590 argumentum

151 627 177 655 a
215 614 381 656 silentio
416 615 655 656 desumtum
694 624 780 656 non
817 621 881 654 est
925 612 1087 654 nullius
1137 613 1368 665 momentig.

151 689 313 744 quippe
346 693 590 744 plerumque
637 689 837 741 Veteres,
881 689 955 741 qui
997 697 1252 742 supersunt,
1293 689 1373 730 Hi·

151 768 306 810 storiae
341 767 664 821 philosophicae
700 767 968 819 Scriptores,
1012 766 1233 819 diligentes
1278 765 1371 807 fue.

149 853 251 886 runt
286 843 327 885 in
364 843 639 884 memorandis
675 840 871 895 placitis,
905 840 1063 893 quibus
1099 853 1122 882 a
1155 840 1368 894 magistris

142 920 378 962 dissensere
410 919 632 971 discipuli.

200 993 495 1044 Antisthenem
533 993 589 1033 ita
624 1001 796 1034 secutus
832 1000 895 1033 est
922 1004 1260 1044 DIOGENES,
1294 991 1366 1034 Si·
1390 1007 1573 1052 Diogene&

150 1070 384 1122 nopensis,
415 1079 462 1110 ut
498 1069 641 1111 relictii
675 1069 856 1122 Physica
896 1079 936 1111 et
972 1069 1200 1111 Dialectica
1226 1069 1368 1111 Philo-

156 1146 332 1199 sophiae
359 1157 502 1198 parte,
537 1147 667 1188 solam
701 1146 906 1189 Moralem
941 1146 1160 1198 retineret,
1192 1158 1367 1199 eamque

151 1221 203 1261 ad
228 1220 371 1263 victus
406 1221 632 1271 duritiem,
664 1222 937 1274 patientiam,
970 1233 1107 1262 veram
1131 1221 1275 1264 Animi
1313 1221 1367 1262 li-

149 1297 349 1340 bertatem
366 1329 380 1351 ,
411 1300 679 1351 voluptatum
707 1298 1042 1352 opinionumque
1069 1309 1361 1352 contemtum,

136 1372 332 1417 vreferret.
391 1373 457 1416 De
483 1374 564 1415 hoc
591 1374 684 1416 viro
711 1387 842 1427 quum
871 1376 1002 1417 multa
1026 1376 1225 1418 mirabilia
1242 1407 1258 1429 ‚
1288 1390 1364 1420 nec

146 1458 286 1490 tamen
325 1448 464 1490 omnia
492 1450 606 1490 certa
640 1449 747 1500 fide,
779 1459 1061 1492 memorentur
1084 1452 1194 1492 dicta
1228 1462 1267 1493 et
1299 1451 1364 1493 fa·

149 1534 247 1576 cta,
290 1523 351 1565 nil
387 1534 522 1565 tamen
557 1524 762 1577 ejusmodi
799 1525 1015 1577 proditum
1058 1536 1220 1578 exstat,
1251 1527 1362 1569 unde

143 1601 258 1641 certa
283 1598 442 1640 ratione
474 1598 732 1652 colligatur,
766 1611 872 1651 quae
903 1598 1029 1640 fuerit
1062 1600 1152 1653 ejus
1191 1611 1360 1645 senten-

146 1675 207 1716 tia
236 1675 285 1715 de
310 1674 559 1716 Animorum
586 1672 733 1715 futuro
761 1682 889 1716 statu.
949 1674 1064 1717 Risit
1098 1676 1168 1716 ille
1189 1676 1357 1728 quidem

141 1750 482 1802 superstitionem
500 1781 515 1802 ,
538 1751 621 1802 quil
651 1751 782 1804 vulgo
800 1750 1033 1805 ferebatur,
1054 1752 1243 1795 initiatos
1257 1762 1358 1806 post

143 1838 318 1870 mortem
349 1829 507 1871 meliori
530 1829 622 1870 fore
650 1829 895 1872 conditione
919 1843 1042 1882 quam
1067 1843 1139 1873 eos
1173 1831 1246 1883 qui
1268 1843 1356 1873 non

141 1913 285 1945 essent
323 1905 496 1948 initiati.
542 1906 627 1949 vid.
672 1905 804 1959 Diog.
847 1906 989 1950 Laert.
1025 1907 1100 1949 Vl.
1133 1920 1204 1962 39.
1264 1910 1355 1951 Nee

142 1989 277 2022 tamen
309 1980 406 2023 hinc
439 1982 643 2034 efficitur,
680 1995 773 2024 eum
803 1984 999 2025 statuisse
1031 1986 1228 2029 Animum
1256 2000 1354 2029 cum

144 2056 338 2108 Corpore
374 2058 605 2113 exstingui.
675 2059 719 2100 Si
754 2072 849 2102 vere
881 2061 938 2101 ita
977 2062 1139 2114 sensit,
1185 2073 1231 2104 ut
1263 2064 1353 2116 eius

143 2131 305 2174 dictum
347 2145 598 2177 memoratur
631 2135 682 2176 ab
716 2135 856 2178 eodem
892 2136 1082 2190 Diogene
1109 2138 1251 2182 Laert.
1274 2141 1353 2183 VI.

143 2209 228 2259 63,
258 2207 588 2265 Interrogatus,
619 2225 676 2252 an
710 2225 820 2253 mors
843 2212 1001 2254 malum
1029 2223 1156 2267 esset,
1188 2227 1355 2272 respon-

139 2284 238 2326 dit:
267 2284 479 2339 Quomodo
510 2287 669 2330 malum
706 2290 762 2328 stit
797 2288 915 2340 cujus
943 2293 1182 2345 praesentis
1211 2291 1352 2333 nullus

142 2370 203 2402 est
227 2374 365 2402 sensus
381 2360 428 2401 .·’'
458 2362 539 2405 hoc
565 2363 758 2416 quamvis
794 2363 932 2405 verbis
970 2365 1134 2416 quidem
1164 2367 1352 2418 proxime

143 2435 307 2477 videtur
344 2437 533 2480 accedere
567 2439 617 2479 ad
651 2450 789 2480 eorum
824 2438 1092 2492 opinionem,
1135 2441 1210 2494 qui
1245 2442 1352 2484 Ani-

138 2523 253 2564 mum
280 2524 414 2555 morte
438 2513 644 2566 Corporis
668 2514 837 2556 interire
859 2525 1120 2570 statuerent,
1153 2529 1195 2558 re
1213 2526 1348 2560 tamen

742 2589 783 2653 Q
799 2602 825 2644 q
864 2605 893 2647 5
1272 2592 1348 2637 alio
