1693 3110
115 318 199 352 Sect.
221 315 265 348 Π.

111 361 322 400 Rythagoras.

336 194 423 251 515
538 192 541 193 ⁷
638 187 1242 235 DISPUTATIO

346 324 444 358 snut
467 321 649 371 partes:
679 314 824 355 altera
857 315 1074 364 irascens,
1105 326 1214 368 quae
1240 313 1360 356 circa
1381 327 1455 356 cor
1474 314 1553 357 ha-

346 393 486 434 bitat:
516 391 660 433 altera
678 392 992 445 concupiscens,
1017 402 1126 443 quae
1143 391 1261 430 circa
1272 388 1405 439 jecur
1431 391 1555 433 habi·

347 466 467 508 tat.’'
504 464 788 520 Hujusigitur
807 465 991 517 duplicis
1015 467 1207 506 materiae
1229 473 1554 516 temperamento

350 553 392 584 et
427 541 644 584 harmonia
667 541 939 582 constitutam
962 540 1153 581 Animam
1180 538 1454 582 definiverunt
1477 549 1555 581 nu·

348 631 462 662 mero
480 648 494 669 e
519 618 593 673 qui
613 630 653 657 se
676 618 762 672 ipse
783 627 960 659 moveat.
994 615 1105 657 Nam
1131 622 1171 655 et
1193 614 1290 655 alias
1318 628 1380 656 res
1400 626 1556 657 rerum·

351 705 434 746 que
446 691 653 746 principia
668 691 852 733 numeris
866 692 1183 744 significabant:
1197 689 1330 731 Deum
1354 690 1520 742 quidem
1535 717 1557 741 ,

353 778 564 821 tamquam
589 767 761 820 primam
785 778 975 807 caussam
1001 776 1214 819 agentem,
1240 765 1448 807 vocabant
1470 778 1556 807 mo·

355 843 504 887 maciem
518 861 535 897 ‚·
549 842 755 884 materiam
776 854 875 883 vero
889 870 903 892 ,
929 850 1137 893 tamquam
1156 842 1341 883 secundo
1359 842 1455 883 loco
1478 853 1560 893 po-

352 920 476 962 sitam
511 917 734 971 patientem
772 928 991 966 caussam,
1022 906 1286 968 appellabant
1321 916 1495 970 dyadem
1521 915 1554 959 i.

355 1008 394 1038 e.
439 993 695 1036 dualitatem.
766 989 828 1032 Ita
867 990 1053 1043 prodidit
1095 989 1288 1044 Scriptor
1323 993 1373 1033 de
1404 991 1557 1034 Placit-

352 1070 460 1113 Phil.
488 1069 522 1112 Ι.
544 1081 583 1124 7.
605 1077 646 1108 et
669 1067 865 1109 disertius
887 1066 1006 1107 etiam
1030 1066 1243 1119 Diogenes
1266 1066 1405 1109 Laert.
1434 1067 1557 1111 VIII.

355 1159 427 1199 25.
471 1144 544 1197 qui
579 1144 668 1197 eJus
694 1142 751 1183 rei
786 1153 931 1183 testem
965 1141 1104 1182 laudat
1125 1141 1403 1183 Alexandrum
1430 1142 1565 1196 Poly·-

356 1221 555 1262 historem
575 1248 590 1269 ,
623 1229 785 1270 gravem
817 1228 857 1259 et
891 1216 1110 1267 antiquum
1127 1246 1142 1266 ‚
1173 1217 1246 1257 sed
1269 1217 1525 1268 deperditum
1542 1246 1559 1268 ,

355 1295 571 1338 Historiae
602 1292 924 1344 philosophicae
965 1298 1193 1332 auctorem.
1254 1291 1335 1331 Sed
1368 1303 1454 1333 non
1495 1301 1563 1334 est

358 1382 486 1424 quare
513 1369 562 1410 de
585 1365 876 1420 Pythagoricis
900 1364 1082 1406 numeris
1106 1365 1183 1406 alia
1211 1363 1466 1408 adferamus:
1498 1366 1565 1408 vi-

362 1452 534 1492 deamus
561 1448 611 1488 de
642 1445 814 1487 Animae
836 1452 935 1496 post
963 1443 1066 1484 hanc
1092 1443 1215 1483 vitam
1243 1453 1373 1487 statu.
1432 1444 1565 1497 Igitur

358 1523 535 1566 Animae
560 1532 656 1573 pars
691 1519 838 1560 melior
863 1527 925 1558 est
959 1515 1234 1568 immortalis,
1267 1518 1442 1560 deterior
1468 1530 1566 1560 vero

361 1597 583 1648 mortalis;
612 1606 699 1636 non
723 1594 888 1646 quidem
910 1591 996 1643 ita,
1030 1602 1077 1633 ut
1106 1602 1205 1644 post
1224 1602 1397 1634 mortem
1423 1594 1566 1635 statim

361 1673 683 1726 exstinguatur,
702 1669 774 1711 sed
795 1677 841 1709 ut
864 1666 1074 1720 exstingui
1097 1677 1231 1709 tamen
1254 1669 1390 1720 possit
1413 1677 1452 1710 et
1467 1677 1569 1721 post

365 1751 525 1793 multos
562 1757 764 1789 annorum
802 1743 1006 1784 circuitus
1046 1742 1243 1794 intereat,
1277 1743 1569 1794 melioremque

362 1836 522 1881 partem
552 1824 691 1864 ‘vivam
728 1830 959 1872 puramque
990 1817 1220 1870 relinquat:
1258 1817 1448 1860 videatur
1465 1817 1571 1859 lam-

365 1901 538 1943 blichus
581 1910 632 1950 ap
670 1895 794 1937 Stob.
837 1895 991 1947 Eclog.
1032 1893 1165 1946 Phys.
1203 1907 1249 1947 p.
1281 1906 1377 1948 144.
1410 1901 1449 1934 et
1481 1904 1569 1946 seq.

367 1977 546 2020 Proclus
569 1973 809 2015 Comment.
840 1970 882 2012 in
907 1969 1015 2011 Plat.
1047 1968 1164 2010 Tim.
1197 1981 1240 2021 p.
1267 1981 1361 2022 311.
1411 1968 1476 2009 Ex
1503 1970 1573 2009 ea-

372 2063 456 2105 que
489 2049 850 2102 Pythagoreorum
891 2043 1090 2096 opiuione
1120 2044 1240 2085 fluxit
1274 2044 1381 2086 illud
1407 2042 1576 2098 Virgilii

374 2126 585 2181 egregium
607 2123 765 2166 dictum
796 2122 902 2165 Aen.
925 2118 1003 2162 VI.
1027 2130 1129 2173 745.

432 2277 576 2318 Donec
596 2275 722 2331 longa
746 2273 834 2317 dies
850 2303 864 2324 ‚
892 2272 1080 2330 perfecto
1106 2273 1302 2328 temporis
1324 2271 1420 2313 orbe
1435 2299 1452 2324 ‚-

433 2353 680 2395 Concrcmm
705 2352 856 2392 exemit
880 2349 1037 2398 lahem,
1063 2359 1302 2403 purumque
1325 2350 1503 2404 reliquit

434 2428 682 2469 Aetherium
707 2439 892 2477 semum,
909 2433 1036 2480 alque
1058 2424 1196 2464 aurai
1213 2424 1411 2479 simplicis
1422 2434 1575 2478 tgasem,

1498 2572 1582 2614 Ian
