1693 3110
297 173 378 220 DE
407 171 918 220 IMMORTALITATE
949 171 1141 220 ANIMI.
1228 175 1317 232 583,

113 305 217 342 num
252 297 435 341 transit:
473 296 558 338 duo
591 303 692 339 sunt
721 302 882 337 status=
916 296 1074 348 primus
1105 295 1309 352 vigiliae,
1331 308 1416 338 sect.
1436 303 1486 343 v.

117 374 265 416 tertius
289 375 448 417 somni:
478 373 582 414 inter
608 372 686 413 hos
712 371 872 412 medius
899 370 1137 426 interjectus
1159 384 1224 414 est
1248 385 1312 415 se-

115 451 284 492 cundus
309 460 444 492 status
465 458 505 491 et
528 448 728 489 transitus
748 459 772 490 a
791 445 927 500 primo
951 447 1002 488 ad
1022 447 1219 499 tertium,
1249 447 1318 491 ni·

115 525 267 566 mirum
292 525 601 567 obdormiscere.
661 523 725 565 Ita
752 522 788 565 si
810 522 907 575 quis
931 535 954 564 a
985 534 1137 564 somno
1171 525 1222 565 ad
1252 524 1320 567 vi·-

115 601 256 654 giliatn
280 602 384 642 redit
400 632 415 652 ‚
438 601 472 641 is
499 600 754 654 interiectum
774 610 956 653 permeat
982 608 1133 641 statum
1148 630 1164 651 ‚
1191 610 1318 652 quem'

119 687 321 717 vocamus
357 677 602 732 expesgisci.
662 675 826 731 Quare,
867 686 913 717 ut
941 676 1037 729 quis
1073 677 1216 729 vivat,
1247 686 1323 720 nea

116 762 233 791 cesse
256 762 320 791 est
341 764 432 792 eum
457 761 634 804 permeet
661 759 842 802 statum,
872 762 996 802 quem
1017 762 1214 792 vocamus
1243 763 1322 792 na-

119 828 206 866 sci:
235 835 273 866 et
299 835 346 868 ut
378 827 475 879 quis
499 837 690 869 mortuus
715 827 799 878 sit,
829 838 997 868 necesse
1021 836 1084 868 est
1118 839 1210 869 eum
1234 839 1325 879 per..

117 908 225 940 meet
259 911 441 952 statum,
485 914 606 953 quem
644 914 845 943 vocamus
879 904 1004 947 mori.
1075 903 1190 956 Ergo
1227 915 1321 944 mo·

119 971 272 1013 riundo
316 985 403 1014 non
437 974 723 1026 exstinguitur
761 975 971 1029 AnimUS,
1012 977 1085 1020 sed
1117 978 1160 1019 in
1195 978 1324 1019 alium

116 1047 268 1089 transit
293 1049 500 1092 statum.”

1335 351 1438 383 Flam.

177 1151 216 1174 „
242 1122 400 1175 Porro,
439 1126 477 1167 si
511 1125 718 1177 generatio
751 1126 917 1169 haberet
954 1127 1061 1168 viam
1096 1127 1322 1181 directam,
1347 1134 1423 1174 Arg.
1454 1132 1517 1169 ΠΙ.

125 1209 212 1240 non
237 1197 280 1240 in
304 1200 470 1242 orbem:
503 1201 547 1243 id
566 1211 655 1253 est,
688 1203 726 1244 si
749 1215 892 1245 omnes
917 1203 1004 1246 vivi
1042 1205 1251 1248 continuo
1283 1206 1328 1248 in

124 1283 303 1316 mortem
336 1275 497 1318 abirent
513 1306 527 1327 ,
559 1289 697 1328 neque
724 1277 833 1319 flexu
858 1278 947 1319 viae
969 1290 1018 1320 ex
1046 1289 1177 1321 morte
1199 1282 1240 1323 in
1264 1283 1330 1324 νὶ-

128 1356 213 1390 tam
235 1348 444 1404 redirentg,
475 1359 563 1393 tota
584 1351 781 1403 paulatim
806 1361 951 1394 natura
975 1354 1197 1397 moriundo
1225 1369 1328 1399 con·

124 1434 400 1477 sumeretur,
446 1434 486 1467 et
533 1439 684 1468 somno
728 1435 985 1478 veternoque
1027 1430 1330 1480 opprimeretur

124 1500 262 1541 multo
287 1498 476 1552 graviore
502 1511 625 1551 quam
649 1499 718 1540 ille
739 1500 782 1541 in
803 1498 944 1541 fabul-a
967 1500 1222 1554 Endymion.
1267 1504 1328 1546 At

121 1585 228 1616 vero
263 1581 410 1615 natura
441 1574 508 1615 sui
545 1574 636 1626 ipsa
671 1583 736 1615 est
762 1564 1064 1619 conserv'atrix.
1124 1579 1263 1630 Igitur
1285 1592 1332 1622 se

125 1659 214 1689 non
236 1647 450 1689 consumit
471 1648 698 1699 pariundo,
719 1649 791 1689 sed
814 1650 1015 1692 instaurat
1040 1664 1089 1693 ex
1115 1662 1250 1696 morte
1269 1655 1334 1696 vi·

125 1732 238 1773 tam,
281 1723 480 1776 producit
520 1735 570 1765 ex
615 1724 792 1767 mortuis
837 1727 977 1767 vivos·
1048 1725 1115 1768 Ex
1159 1727 1226 1770 his
1271 1742 1334 1772 ar-

130 1799 342 1851 gumentis
385 1799 590 1850 efficitur,
641 1810 742 1853 post
779 1800 884 1842 hauc
921 1802 1047 1843 vitam
1082 1803 1201 1846 aliam
1242 1804 1337 1848 fore

132 1880 288 1932 vitam,
333 1882 417 1932 qua
451 1880 575 1923 bonis
613 1879 790 1932 melius,
831 1881 950 1924 malis
986 1883 1108 1939 pejus
1142 1883 1337 1928 futurum

129 1951 240 1997 sit.’'

193 2061 229 2083 ‚,
260 2032 445 2083 Deinde,
468 2033 665 2073 Animum
688 2032 822 2075 fuisse
849 2043 1069 2088 antequam
1095 2037 1139 2080 in
1163 2040 1337 2093 Corpus
1358 2047 1433 2084 Arg.
1456 2043 1518 2080 IV.

116 2107 316 2159 veniret,
339 2108 470 2161 magis
493 2107 614 2149 etiam
638 2111 880 2162 apparebit,
906 2112 941 2153 si
966 2114 1015 2152 ad
1038 2114 1241 2165 originem
1263 2127 1342 2158 no-

133 2178 297 2220 tionum
334 2189 568 2224 nostrarum
602 2185 916 2227 attenderimus.
981 2186 1091 2228 Nam
1125 2190 1240 2239 quod
1273 2191 1340 2233 di·

135 2266 249 2296 scere
283 2266 508 2309 vocamus,
550 2259 654 2302 nihil
698 2261 810 2302 aliud
852 2271 915 2302 est
953 2274 1073 2314 quam
1106 2267 1344 2321 recordar13

139 2329 330 2382 quippe,
361 2332 435 2383 qui
462 2336 574 2377 recta
610 2336 767 2378 ratione
799 2337 848 2378 de
875 2337 996 2379 rebus
1020 2338 1248 2394 incognitis
1274 2343 1339 2385 in·

137 2412 428 2460 terrogantur‚
458 2410 514 2452 ita
539 2412 820 2464 respondent,
850 2422 898 2454 ut
921 2415 1187 2468 perspicuum
1213 2418 1272 2460 sit
1294 2430 1340 2460 se

135 2492 272 2527 rerum
306 2494 446 2529 carum
472 2486 666 2533 notiones
686 2489 767 2545 jam
801 2499 918 2531 antea
938 2491 1095 2538 Animo
1121 2492 1339 2538 involutas

766 2564 805 2607 Ο
823 2576 848 2607 0
876 2577 904 2618 4
1265 2576 1328 2610 te.
