1693 3110
243 181 306 233 1‘6
609 179 1090 227 EPISTOLA

248 318 426 364 promtu
454 306 679 348 habeamus
704 302 807 344 illud
830 303 1079 346 Cleanthis:
1108 303 1241 357 ’'Ayov
1267 307 1307 353 δέ
1328 309 1400 362 μ’,
1432 302 1468 355 δ’

251 391 363 439 Ζεῦ,
389 385 454 429 καὶ
486 384 536 426 σύ
568 382 613 434 γ’
639 384 661 432 ἦ
697 382 934 435 Πεπρωμένην
951 411 965 432 ,
994 379 1119 426 “07501
1145 382 1228 426 ποθ’
1262 388 1354 439 ὑμῖν
1377 389 1469 441 εἷμῖ

252 461 566 514 διατεταγμένος
575 488 587 500 ·

306 539 366 581 Et
390 532 729 589 quandoquidem
759 531 874 584 quod
900 531 997 584 quis
1033 541 1126 586 agat
1143 564 1158 585 ‚
1192 533 1252 575 nil
1280 544 1473 587 superest

252 625 376 669 quam
401 623 525 655 suum
552 609 707 662 cuique
731 609 912 651 officium
931 640 944 661 ‚
976 621 1078 662 age,
1111 619 1150 651 et
1171 623 1250 652 nos
1274 621 1470 653 nostrum

254 701 458 743 agamus,
490 696 529 728 et
567 698 645 739 ego
684 697 748 726 me
779 685 978 738 protinus
1013 685 1064 726 ab
1103 686 1228 741 hujus
1266 688 1472 740 temporis

251 763 509 820 cogitatione
529 763 579 804 ad
611 761 939 804 recordationem
968 763 1270 804 adolescentiae
1297 763 1470 805 institn-

251 852 423 892 tamque
445 839 715 890 scriptionem
742 837 929 880 referam.
992 839 1127 892 Igitur
1149 851 1226 892 ego
1248 840 1317 880 illa
1341 849 1472 880 aetate

249 917 447 970 cogitans
477 913 667 956 Platonis
710 913 966 965 editionem,
1011 916 1198 957 solebam
1242 917 1344 957 mihi
1380 917 1474 968 ipse

245 997 384 1049 justae
403 988 600 1032 editionis
624 988 799 1030 formam
821 989 1066 1042 designare3
1088 1003 1210 1041 quam
1235 991 1337 1032 Tibi
1354 1023 1368 1043 ,
1386 993 1472 1046 jam

248 1067 486 1120 depositum
510 1077 531 1105 a
554 1077 618 1105 me
640 1064 721 1106 hoc
750 1075 859 1118 opus
894 1074 1176 1118 suscepturo,
1210 1078 1470 1120 cognoscere

249 1157 337 1188 non
367 1142 516 1185 inutile
538 1141 608 1184 sit.

310 1219 500 1263 Editoris
524 1230 678 1260 munus
700 1218 864 1260 duabus
889 1226 1056 1260 constat
1082 1219 1305 1272 partib11S‚
1337 1234 1477 1263 emen-

249 1298 424 1342 datione
454 1306 494 1338 et
526 1297 899 1351 interpretatione.
966 1295 1062 1338 Hoc
1090 1308 1204 1338 nunc
1233 1297 1362 1339 verbo
1389 1311 1481 1340 mo·-

250 1375 398 1419 nuisse
426 1374 528 1415 satis
553 1382 641 1425 est3
667 1372 1017 1426 „quandoquidem
1047 1374 1097 1414 de
1121 1381 1306 1426 utroque
1336 1374 1474 1417 officio

252 1448 428 1492 uberius
466 1447 741 1501 exposuimus
783 1447 909 1500 alibi,
945 1458 985 1489 ct
1017 1462 1152 1501 nuper
1175 1450 1219 1490 in
1253 1450 1480 1494 Praefatio·

253 1539 308 1570 ne
331 1527 382 1568 ad
407 1525 699 1567 Plutarchum.
763 1525 890 1566 Nunc
923 1525 1037 1566 aliud
1065 1526 1181 1568 volo.
1240 1524 1348 1567 Nam
1375 1528 1481 1570 mibi

253 1603 509 1648 adolescenti
540 1602 752 1644 accidebat
774 1633 788 1654 ‚
833 1611 909 1653 ut,
955 1615 1088 1654 quum
1124 1611 1353 1655 utrumque
1386 1604 1473 1646 offi-

250 1684 366 1726 cium
388 1681 553 1724 Platoni
578 1681 810 1722 adhiberem
826 1712 840 1732 ‚
875 1692 1012 1722 tamen
1042 1681 1196 1723 multas
1220 1694 1362 1724 eorum
1386 1693 1482 1734 par-

254 1772 318 1805 tes
342 1773 429 1804 non
462 1760 686 1813 perspicue
713 1770 1039 1811 cognoscerem:
1076 1758 1337 1810 sentiebam,
1371 1760 1476 1801 mihi

255 1842 417 1894 aliquid
450 1842 593 1883 deesse
626 1839 677 1880 ad
710 1850 852 1880 eorum
890 1848 1127 1880 accuratam
1166 1838 1481 1891 cognitionem:

254 1932 365 1969 nec,
397 1918 519 1970 quale
551 1916 632 1956 hoc
671 1924 809 1967 esset,
853 1915 1155 1969 intelligebam.
1219 1915 1349 1957 Venit
1375 1916 1480 1959 mihi

252 1994 417 2036 tandem
442 1992 483 2032 in
509 1999 683 2031 mentem
700 2020 715 2040 ‚
736 1999 870 2030 totum
894 1999 1184 2043 argumentum
1205 1989 1248 2030 in
1272 2002 1369 2030 suas
1391 2003 1486 2043 par·

254 2077 316 2109 tes
338 2068 607 2109 distribuere.
661 2066 774 2106 Haec
796 2078 859 2105 me
881 2065 1126 2106 distributio
1150 2077 1301 2118 sponte
1324 2067 1373 2108 ad
1396 2068 1484 2109 sin.

255 2146 450 2199 gularum
477 2142 764 2196 cognitionem
793 2144 971 2194 partium
997 2142 1178 2184 ducebat
1197 2172 1212 2193 ‚
1244 2143 1396 2184 mentis
1420 2142 1484 2183 in-

255 2222 446 2263 volutam
487 2218 701 2261 notionem
737 2219 997 2272 explicabat,
1034 2219 1178 2272 utJ'am
1206 2218 1481 2272 intelligerem

256 2297 359 2350 quid
397 2296 502 2337 illud
537 2305 646 2336 esset
687 2298 800 2348 quod
836 2297 939 2337 milii
979 2295 1211 2348 defuisset,
1245 2297 1485 2349 multaeque

254 2384 388 2415 novae
428 2381 467 2413 et
500 2373 715 2427 judicandi
760 2383 799 2414 et
842 2373 1076 2415 inveniendi
1123 2374 1212 2416 viae
1251 2375 1351 2415 mihi
1387 2385 1485 2426 ape-

252 2448 452 2491 rirentur.
512 2448 614 2490 Erat
652 2459 785 2491 autem
821 2450 1069 2492 distributio
1093 2463 1113 2491 a
1137 2450 1320 2503 simplici
1356 2449 1486 2490 mani·

256 2526 454 2580 festoque
487 2525 567 2568 hoc
603 2525 818 2581 principio
847 2528 1001 2580 ducta,
1035 2538 1199 2570 omnem
1226 2524 1477 2568 emendatio-

1411 2611 1483 2652 1115
