1693 3110
446 192 553 238 AD
620 185 1148 235 HEUsmUM.
1351 196 1407 246 ες

197 333 228 373 ·„
251 316 533 361 hominibus:
565 315 736 356 alterum
774 313 986 362 διαλογικὰ
1024 320 1062 352 et
1096 311 1303 363 ἐξωτερικαὶ
1341 310 1404 351 di-

200 422 228 446 „
259 404 398 443 ctum,
431 391 472 432 in
502 389 658 442 quibus
679 385 757 428 sub
779 386 912 425 alieno
939 384 1136 435 nomine,
1160 384 1293 425 veluti
1316 383 1408 424 Pla-

199 498 228 523 „
257 480 303 511 to
330 467 623 514 factitaverat,
652 461 827 504 alienam
860 473 1080 512 personam
1107 473 1261 514 agens,
1291 472 1410 503 suam

202 576 230 598 ,‚
261 544 506 589 sententiam
537 537 714 593 exponit
741 549 828 579 non
854 534 1060 577 accuratis
1082 536 1416 578 demonstratio-

203 650 231 673 „
262 620 420 669 nibus,
464 617 539 658 sed
575 612 839 656 facilioribus
873 609 1108 652 rationibus
1143 611 1193 652 ad
1226 623 1416 653 commu-

201 724 230 747 „
259 706 352 737 nem
384 693 616 734 multorum
636 699 808 742 captum
834 686 1201 739 comparatis.''-
1225 687 1336 729 Haec
1357 689 1415 730 ita

199 779 301 813 sunt
341 768 612 821 accipienda,
633 790 636 794 ·
657 777 743 808 non
791 775 838 805 ut
871 776 994 806 omne
1029 765 1247 818 ἐξωτερικὸν
1280 777 1410 819 genus

199 844 381 898 dialogis
410 843 700 896 conscriptum
735 839 891 891 fuerit,
921 840 995 880 sed
1019 848 1066 880 ut
1093 851 1235 880 omnes
1260 838 1417 892 dialogi

198 923 422 975 ἐξωτερικοῦ
453 919 614 972 generis
651 915 826 957 fuerint.
888 914 1051 955 Eodem
1079 914 1188 954 valet
1220 913 1418 956 testimo-

202 998 320 1040 nium
337 995 547 1048 Simplicii
574 995 617 1036 in
630 991 945 1036 Commentario
972 993 1021 1032 ad
1043 991 1290 1032 Aristotelis
1306 989 1421 1044 Phy-

202 1073 319 1124 sica,
351 1071 470 1114 Libr.
497 1072 542 1122 l,
587 1084 630 1123 p.
662 1082 717 1120 2,
761 1071 828 1110 lat.
861 1080 911 1109 2:
974 1074 1085 1121 Διχῆ
1119 1069 1158 1111 δὲ
1192 1069 1426 1120 &minus-um

203 1152 329 1194 aon&
364 1152 437 1192 τῶν
470 1148 834 1199 συγγραμμάτων,
865 1145 919 1193 εἴς
945 1161 990 1188 ’τε
1015 1146 1068 1188 τα
1091 1145 1329 1197 ἐξωτερικαὶ,
1360 1143 1424 1188 οἷα

200 1227 258 1272 τὰ
286 1226 464 1278 ἱστορικὰ
488 1224 554 1266 καὶ
577 1226 630 1267 τὰ
654 1225 865 1273 §camma
883 1252 897 1272 9
928 1222 995 1266 καὶ
1021 1221 1118 1270 Ham
1139 1223 1193 1265 τὰ
1214 1223 1272 1274 μὴ
1296 1223 1424 1276 ἄκρας

200 1305 405 1356 ἀκριβείας
447 1303 731 1357 Φρσντίζοντα,
761 1299 829 1344 καὶ
863 1301 922 1348 εἰς
951 1301 1005 1343 ταὶ
1035 1301 1344 1352 ἀκροαματικόι,
1375 1298 1427 1343 ὧν

201 1381 271 1424 καῖ
298 1378 399 1428 αὕτη
430 1379 534 1421 ἐστὶν
561 1380 583 1427 ἧ
614 1377 910 1430 πραγματεία,
941 1377 979 1418 ἐν
1010 1381 1090 1424 τοῖς
1115 1378 1424 1429 ακροαματικοῖς

204 1457 408 1510 ἀσάφειαν
439 1456 703 1505 ἐπετήδευτε,
735 1455 800 1497 δια
836 1454 986 1502 ταώ-ης
1024 1455 1112 1501 τοὺς
1147 1454 1425 1507 ῥαθυαοτέρους

206 1534 512 1587 ἁποκρουόμενος
533 1564 546 1585 ,
578 1534 626 1579 ὥς
661 1534 754 1583 παρ’
790 1533 934 1580 ἐκείνης
962 1532 1058 1580 μηδὲ
1094 1531 1325 1582 γεγράφθαι
1363 1533 1426 1574 δο-

205 1618 302 1655 κεῖν*
336 1609 494 1661 quibus
517 1609 560 1649 in
581 1608 719 1650 verbis
750 1606 913 1647 ultimis
938 1609 1080 1657 ἐκείνης
1109 1608 1355 1648 mutandum
1381 1606 1427 1650 in

204 1688 377 1736 ἐκείνην,
409 1685 452 1726 id
477 1695 570 1736 est,
597 1693 680 1738 per
712 1683 865 1734 illam,
891 1692 1070 1739 propter
1092 1682 1216 1728 illam
1244 1683 1430 1726 obscuri-

207 1766 355 1802 tatem.
399 1757 533 1805 Nosti
556 1760 666 1803 enim
697 1759 810 1800 hunc
837 1771 962 1801 usum
989 1759 1322 1812 Praepositionis
1345 1779 1426 1804 xx-

204 1841 251 1894 ρὰ
278 1849 375 1880 cum
397 1836 676 1881 Accusativo.
716 1836 886 1878 Locum
916 1837 976 1878 sic
1000 1836 1194 1879 reddam:
1241 1837 1429 1893 „Quum

207 1941 234 1965 ,‚
264 1922 401 1953 autem
441 1911 686 1953 Aristotelis
729 1913 886 1964 scripta
925 1909 1115 1953 bifariam
1153 1911 1426 1966 dividantur,

204 2017 234 2042 „
264 1988 308 2029 in
357 1990 601 2040 exoterica,
641 1988 774 2030 veluti
819 1988 1024 2036 historica
1051 2019 1066 2041 ,
1111 1989 1346 2042 dialogica,
1387 1999 1429 2033 et

208 2093 234 2116 2,
266 2064 440 2106 omnino
464 2075 538 2114 ea,
572 2063 617 2105 in
648 2064 807 2115 quibus
842 2075 929 2104 non
952 2076 1112 2105 sumnia
1137 2065 1430 2106 demonstran-

205 2167 233 2190 „
263 2138 306 2179 di
337 2138 551 2190 diligentia
586 2138 836 2180 adhibetur:
870 2149 910 2179 et
942 2139 984 2180 in
1017 2143 1342 2192 acroamatica,
1375 2152 1426 2183 ex

208 2242 234 2267 „
267 2213 423 2265 quibus
459 2223 498 2254 et
537 2213 635 2256 haec
672 2214 851 2268 Physica
893 2224 1022 2268 sunt3
1062 2216 1106 2257 in
1143 2217 1433 2261 acroamaticis

217 2317 244 2340 ‚‚
278 2288 529 2329 obscuritati
555 2288 749 2340 studuit,
783 2302 855 2342 per
892 2291 995 2332 hanc
1027 2290 1182 2333 inertes
1219 2306 1240 2333 a
1274 2306 1318 2334 se
1339 2293 1432 2348 reji-

214 2394 240 2417 ,‚
270 2364 415 2416 ciens,
449 2365 506 2406 ita
544 2376 590 2407 ut
616 2377 789 2419 propter
822 2367 925 2408 hanc
966 2368 1099 2420 ipsam
1126 2369 1429 2423 obscuritatem

212 2472 240 2494 ‚‚
271 2454 322 2483 ne
350 2442 507 2493 scripta
548 2442 715 2493 quidem
755 2441 1022 2486 videantur.’'
1085 2444 1188 2486 illud
1223 2447 1434 2499 ἀποκρουό-

213 2536 330 2577 μεμος
354 2519 480 2574 plane
508 2520 707 2564 convenit
730 2532 826 2562 cum
851 2518 1075 2567 Ciceronis
1107 2521 1224 2564 dicto
1257 2523 1308 2563 ad
1330 2521 1432 2563 'fre-

880 2594 912 2638 B
943 2608 973 2656 5
1362 2596 1434 2641 baa
