<?xml version="1.0" encoding="UTF-8"?>
<!DOCTYPE html PUBLIC "-//W3C//DTD XHTML 1.0 Transitional//EN"
    "http://www.w3.org/TR/xhtml1/DTD/xhtml1-transitional.dtd">
<html xmlns="http://www.w3.org/1999/xhtml" xml:lang="en" lang="en">
 <head>
  <title>
</title>
<meta http-equiv="Content-Type" content="text/html;charset=utf-8" />
  <meta name='ocr-system' content='tesseract 3.04.00' />
  <meta name='ocr-capabilities' content='ocr_page ocr_carea ocr_par ocr_line ocrx_word'/>
</head>
<body>
  <div class='ocr_page' id='page_1' title='image "./opusculavariiarg02wytt/opusculavariiarg02wytt_0125.png"; bbox 0 0 1693 3110; ppageno 0'>
   <div class='ocr_carea' id='block_1_1' title="bbox 438 164 1435 226">
    <p class='ocr_par' dir='ltr' id='par_1_1' title="bbox 438 164 1435 226">
     <span class='ocr_line' id='line_1_1' title="bbox 438 164 1435 226; baseline 0.007 -16"><span class='ocrx_word' id='word_1_1' title='bbox 438 164 775 211; x_wconf 82' lang='lat' dir='ltr'><strong>PHAEDONIS</strong></span> <span class='ocrx_word' id='word_1_2' title='bbox 815 166 884 210; x_wconf 89' lang='lat' dir='ltr'>PL</span> <span class='ocrx_word' id='word_1_3' title='bbox 894 166 1115 213; x_wconf 82' lang='lat' dir='ltr'>ATONIC</span> <span class='ocrx_word' id='word_1_4' title='bbox 1123 172 1157 214; x_wconf 82' lang='lat'>1.</span> <span class='ocrx_word' id='word_1_5' title='bbox 1331 179 1435 226; x_wconf 55' lang='lat'>105·</span> 
     </span>
    </p>
   </div>
   <div class='ocr_carea' id='block_1_2' title="bbox 198 289 1438 2534">
    <p class='ocr_par' dir='ltr' id='par_1_2' title="bbox 198 289 1431 1767">
     <span class='ocr_line' id='line_1_2' title="bbox 198 289 1417 346; baseline 0.004 -13"><span class='ocrx_word' id='word_1_6' title='bbox 198 291 377 333; x_wconf 70' lang='lat' dir='ltr'>maxime</span> <span class='ocrx_word' id='word_1_7' title='bbox 400 290 424 333; x_wconf 68' lang='lat' dir='ltr'>a</span> <span class='ocrx_word' id='word_1_8' title='bbox 448 290 639 343; x_wconf 82' lang='lat' dir='ltr'>Corpore</span> <span class='ocrx_word' id='word_1_9' title='bbox 665 289 938 342; x_wconf 84' lang='lat' dir='ltr'>segregaverit</span> <span class='ocrx_word' id='word_1_10' title='bbox 964 301 1004 333; x_wconf 89' lang='lat' dir='ltr'>et</span> <span class='ocrx_word' id='word_1_11' title='bbox 1030 291 1072 334; x_wconf 91' lang='lat' dir='ltr'>in</span> <span class='ocrx_word' id='word_1_12' title='bbox 1097 304 1142 335; x_wconf 91' lang='lat' dir='ltr'>se</span> <span class='ocrx_word' id='word_1_13' title='bbox 1160 293 1298 346; x_wconf 89' lang='lat' dir='ltr'>ipsum</span> <span class='ocrx_word' id='word_1_14' title='bbox 1323 295 1417 338; x_wconf 89' lang='lat' dir='ltr'>col·</span> 
     </span>
     <span class='ocr_line' id='line_1_3' title="bbox 203 365 1417 421; baseline 0.005 -13"><span class='ocrx_word' id='word_1_15' title='bbox 203 366 362 419; x_wconf 77' lang='lat' dir='ltr'>legerit.</span> <span class='ocrx_word' id='word_1_16' title='bbox 422 365 545 408; x_wconf 91' lang='lat' dir='ltr'>Unde</span> <span class='ocrx_word' id='word_1_17' title='bbox 582 374 780 419; x_wconf 84' lang='lat' dir='ltr'>apparet,</span> <span class='ocrx_word' id='word_1_18' title='bbox 813 376 907 406; x_wconf 88' lang='lat' dir='ltr'>eum</span> <span class='ocrx_word' id='word_1_19' title='bbox 934 367 984 408; x_wconf 87' lang='lat' dir='ltr'>ad</span> <span class='ocrx_word' id='word_1_20' title='bbox 1014 368 1228 421; x_wconf 81' lang='lat' dir='ltr'>cogitandi</span> <span class='ocrx_word' id='word_1_21' title='bbox 1257 371 1341 413; x_wconf 88' lang='lat' dir='ltr'>vim</span> <span class='ocrx_word' id='word_1_22' title='bbox 1368 382 1417 416; x_wconf 80' lang='lat' dir='ltr'>ae</span> 
     </span>
     <span class='ocr_line' id='line_1_4' title="bbox 201 442 1420 499; baseline 0.006 -17"><span class='ocrx_word' id='word_1_23' title='bbox 201 444 494 495; x_wconf 83' lang='lat' dir='ltr'>praestantiam</span> <span class='ocrx_word' id='word_1_24' title='bbox 525 442 625 483; x_wconf 88' lang='lat' dir='ltr'>adeo</span> <span class='ocrx_word' id='word_1_25' title='bbox 652 451 738 481; x_wconf 86' lang='lat' dir='ltr'>non</span> <span class='ocrx_word' id='word_1_26' title='bbox 771 452 881 491; x_wconf 88' lang='lat' dir='ltr'>opus</span> <span class='ocrx_word' id='word_1_27' title='bbox 920 442 1067 484; x_wconf 85' lang='lat' dir='ltr'>habere</span> <span class='ocrx_word' id='word_1_28' title='bbox 1096 444 1325 499; x_wconf 82' lang='lat' dir='ltr'>Corpore3</span> <span class='ocrx_word' id='word_1_29' title='bbox 1369 452 1420 490; x_wconf 88' lang='lat' dir='ltr'>ut</span> 
     </span>
     <span class='ocr_line' id='line_1_5' title="bbox 206 515 1422 571; baseline 0.002 -11"><span class='ocrx_word' id='word_1_30' title='bbox 206 519 357 571; x_wconf 87' lang='lat' dir='ltr'>potius</span> <span class='ocrx_word' id='word_1_31' title='bbox 376 519 489 560; x_wconf 88' lang='lat' dir='ltr'>illius</span> <span class='ocrx_word' id='word_1_32' title='bbox 511 515 695 559; x_wconf 61' lang='lat' dir='ltr'>vinculis</span> <span class='ocrx_word' id='word_1_33' title='bbox 721 515 889 556; x_wconf 87' lang='lat' dir='ltr'>solutus</span> <span class='ocrx_word' id='word_1_34' title='bbox 911 525 951 558; x_wconf 88' lang='lat' dir='ltr'>et</span> <span class='ocrx_word' id='word_1_35' title='bbox 975 530 1048 570; x_wconf 84' lang='lat' dir='ltr'>per</span> <span class='ocrx_word' id='word_1_36' title='bbox 1073 530 1248 562; x_wconf 88' lang='lat' dir='ltr'>mortem</span> <span class='ocrx_word' id='word_1_37' title='bbox 1271 520 1422 563; x_wconf 84' lang='lat' dir='ltr'>libera·</span> 
     </span>
     <span class='ocr_line' id='line_1_6' title="bbox 206 589 1422 648; baseline 0.002 -13"><span class='ocrx_word' id='word_1_38' title='bbox 206 602 310 645; x_wconf 82' lang='lat' dir='ltr'>tus,</span> <span class='ocrx_word' id='word_1_39' title='bbox 334 603 501 635; x_wconf 86' lang='lat' dir='ltr'>naturae</span> <span class='ocrx_word' id='word_1_40' title='bbox 520 604 617 633; x_wconf 77' lang='lat' dir='ltr'>suae</span> <span class='ocrx_word' id='word_1_41' title='bbox 644 589 944 643; x_wconf 83' lang='lat' dir='ltr'>perfectionem</span> <span class='ocrx_word' id='word_1_42' title='bbox 979 593 1183 636; x_wconf 91' lang='lat' dir='ltr'>obtineat.</span> <span class='ocrx_word' id='word_1_43' title='bbox 1243 595 1422 648; x_wconf 85' lang='lat' dir='ltr'>Corpus</span> 
     </span>
     <span class='ocr_line' id='line_1_7' title="bbox 210 666 1424 724; baseline 0.001 -13"><span class='ocrx_word' id='word_1_44' title='bbox 210 681 292 711; x_wconf 85' lang='lat' dir='ltr'>nos</span> <span class='ocrx_word' id='word_1_45' title='bbox 327 677 475 710; x_wconf 84' lang='lat' dir='ltr'>avocat</span> <span class='ocrx_word' id='word_1_46' title='bbox 509 667 532 708; x_wconf 68' lang='lat' dir='ltr'>a</span> <span class='ocrx_word' id='word_1_47' title='bbox 566 678 695 719; x_wconf 87' lang='lat' dir='ltr'>purae</span> <span class='ocrx_word' id='word_1_48' title='bbox 729 666 996 719; x_wconf 84' lang='lat' dir='ltr'>sinceraeque</span> <span class='ocrx_word' id='word_1_49' title='bbox 1032 669 1217 711; x_wconf 84' lang='lat' dir='ltr'>veritatis</span> <span class='ocrx_word' id='word_1_50' title='bbox 1253 670 1424 724; x_wconf 86' lang='lat' dir='ltr'>indaga-</span> 
     </span>
     <span class='ocr_line' id='line_1_8' title="bbox 205 742 1425 796; baseline 0.002 -11"><span class='ocrx_word' id='word_1_51' title='bbox 205 744 356 786; x_wconf 84' lang='lat' dir='ltr'>tione:</span> <span class='ocrx_word' id='word_1_52' title='bbox 388 755 563 794; x_wconf 83' lang='lat' dir='ltr'>sensus,</span> <span class='ocrx_word' id='word_1_53' title='bbox 595 754 824 794; x_wconf 85' lang='lat' dir='ltr'>eorumque</span> <span class='ocrx_word' id='word_1_54' title='bbox 852 742 1034 794; x_wconf 80' lang='lat' dir='ltr'>vicaria,</span> <span class='ocrx_word' id='word_1_55' title='bbox 1069 743 1290 796; x_wconf 81' lang='lat' dir='ltr'>phantasia</span> <span class='ocrx_word' id='word_1_56' title='bbox 1319 758 1425 788; x_wconf 87' lang='lat' dir='ltr'>con-</span> 
     </span>
     <span class='ocr_line' id='line_1_9' title="bbox 203 817 1426 873; baseline 0.002 -12"><span class='ocrx_word' id='word_1_57' title='bbox 203 820 324 861; x_wconf 89' lang='lat' dir='ltr'>tinuo</span> <span class='ocrx_word' id='word_1_58' title='bbox 360 818 503 861; x_wconf 86' lang='lat' dir='ltr'>Animi</span> <span class='ocrx_word' id='word_1_59' title='bbox 543 817 844 871; x_wconf 82' lang='lat' dir='ltr'>cogitationem</span> <span class='ocrx_word' id='word_1_60' title='bbox 895 819 1065 860; x_wconf 86' lang='lat' dir='ltr'>turbant</span> <span class='ocrx_word' id='word_1_61' title='bbox 1092 851 1107 871; x_wconf 80' lang='lat'>‚</span> <span class='ocrx_word' id='word_1_62' title='bbox 1150 831 1331 873; x_wconf 90' lang='lat' dir='ltr'>eumque</span> <span class='ocrx_word' id='word_1_63' title='bbox 1380 821 1426 864; x_wconf 90' lang='lat' dir='ltr'>in</span> 
     </span>
     <span class='ocr_line' id='line_1_10' title="bbox 207 893 1426 949; baseline 0.001 -12"><span class='ocrx_word' id='word_1_64' title='bbox 207 895 334 937; x_wconf 86' lang='lat' dir='ltr'>falsas</span> <span class='ocrx_word' id='word_1_65' title='bbox 385 893 606 946; x_wconf 88' lang='lat' dir='ltr'>opiniones</span> <span class='ocrx_word' id='word_1_66' title='bbox 658 904 902 945; x_wconf 82' lang='lat' dir='ltr'>erroresque</span> <span class='ocrx_word' id='word_1_67' title='bbox 946 894 1171 938; x_wconf 83' lang='lat' dir='ltr'>inducunt.</span> <span class='ocrx_word' id='word_1_68' title='bbox 1253 895 1426 949; x_wconf 84' lang='lat' dir='ltr'>Corpus</span> 
     </span>
     <span class='ocr_line' id='line_1_11' title="bbox 203 968 1421 1024; baseline 0 -11"><span class='ocrx_word' id='word_1_69' title='bbox 203 969 419 1013; x_wconf 88' lang='lat' dir='ltr'>inimicum</span> <span class='ocrx_word' id='word_1_70' title='bbox 445 978 484 1010; x_wconf 92' lang='lat' dir='ltr'>et</span> <span class='ocrx_word' id='word_1_71' title='bbox 518 968 776 1011; x_wconf 81' lang='lat' dir='ltr'>contrarium</span> <span class='ocrx_word' id='word_1_72' title='bbox 811 978 874 1009; x_wconf 84' lang='lat' dir='ltr'>est</span> <span class='ocrx_word' id='word_1_73' title='bbox 906 969 1071 1013; x_wconf 84' lang='lat' dir='ltr'>virtuti.</span> <span class='ocrx_word' id='word_1_74' title='bbox 1142 972 1191 1012; x_wconf 88' lang='lat' dir='ltr'>In</span> <span class='ocrx_word' id='word_1_75' title='bbox 1224 970 1421 1024; x_wconf 84' lang='lat' dir='ltr'>Corpore</span> 
     </span>
     <span class='ocr_line' id='line_1_12' title="bbox 201 1043 1422 1097; baseline -0.003 -9"><span class='ocrx_word' id='word_1_76' title='bbox 201 1045 304 1088; x_wconf 84' lang='lat' dir='ltr'>fons</span> <span class='ocrx_word' id='word_1_77' title='bbox 326 1056 389 1088; x_wconf 89' lang='lat' dir='ltr'>est</span> <span class='ocrx_word' id='word_1_78' title='bbox 413 1044 550 1087; x_wconf 85' lang='lat' dir='ltr'>omnis</span> <span class='ocrx_word' id='word_1_79' title='bbox 571 1043 676 1088; x_wconf 84' lang='lat' dir='ltr'>labis</span> <span class='ocrx_word' id='word_1_80' title='bbox 703 1053 742 1085; x_wconf 94' lang='lat' dir='ltr'>et</span> <span class='ocrx_word' id='word_1_81' title='bbox 769 1044 1047 1096; x_wconf 83' lang='lat' dir='ltr'>corruptelae.</span> <span class='ocrx_word' id='word_1_82' title='bbox 1109 1043 1317 1097; x_wconf 88' lang='lat' dir='ltr'>Corporis</span> <span class='ocrx_word' id='word_1_83' title='bbox 1346 1058 1422 1088; x_wconf 60' lang='lat' dir='ltr'>nu«,</span> 
     </span>
     <span class='ocr_line' id='line_1_13' title="bbox 210 1118 1428 1172; baseline -0.002 -8"><span class='ocrx_word' id='word_1_84' title='bbox 210 1122 409 1165; x_wconf 86' lang='lat' dir='ltr'>trimento</span> <span class='ocrx_word' id='word_1_85' title='bbox 435 1130 474 1162; x_wconf 90' lang='lat' dir='ltr'>et</span> <span class='ocrx_word' id='word_1_86' title='bbox 497 1120 708 1172; x_wconf 87' lang='lat' dir='ltr'>voluptati</span> <span class='ocrx_word' id='word_1_87' title='bbox 746 1118 901 1160; x_wconf 86' lang='lat' dir='ltr'>servire</span> <span class='ocrx_word' id='word_1_88' title='bbox 927 1118 1096 1172; x_wconf 88' lang='lat' dir='ltr'>cogitur</span> <span class='ocrx_word' id='word_1_89' title='bbox 1130 1121 1341 1163; x_wconf 85' lang='lat' dir='ltr'>Animus:</span> <span class='ocrx_word' id='word_1_90' title='bbox 1375 1121 1428 1164; x_wconf 74' lang='lat' dir='ltr'>il-v</span> 
     </span>
     <span class='ocr_line' id='line_1_14' title="bbox 206 1194 1426 1248; baseline 0.002 -11"><span class='ocrx_word' id='word_1_91' title='bbox 206 1197 376 1248; x_wconf 86' lang='lat' dir='ltr'>liusque</span> <span class='ocrx_word' id='word_1_92' title='bbox 399 1195 702 1237; x_wconf 82' lang='lat' dir='ltr'>sollicitatione</span> <span class='ocrx_word' id='word_1_93' title='bbox 726 1194 777 1235; x_wconf 85' lang='lat' dir='ltr'>ad</span> <span class='ocrx_word' id='word_1_94' title='bbox 803 1194 905 1235; x_wconf 86' lang='lat' dir='ltr'>vitia</span> <span class='ocrx_word' id='word_1_95' title='bbox 929 1204 968 1235; x_wconf 89' lang='lat' dir='ltr'>et</span> <span class='ocrx_word' id='word_1_96' title='bbox 1006 1195 1156 1238; x_wconf 86' lang='lat' dir='ltr'>scelera</span> <span class='ocrx_word' id='word_1_97' title='bbox 1187 1196 1426 1241; x_wconf 87' lang='lat' dir='ltr'>abducitur.</span> 
     </span>
     <span class='ocr_line' id='line_1_15' title="bbox 209 1269 1428 1325; baseline 0.002 -11"><span class='ocrx_word' id='word_1_98' title='bbox 209 1271 347 1325; x_wconf 86' lang='lat' dir='ltr'>Igitur</span> <span class='ocrx_word' id='word_1_99' title='bbox 380 1271 605 1313; x_wconf 86' lang='lat' dir='ltr'>verisimile</span> <span class='ocrx_word' id='word_1_100' title='bbox 640 1280 739 1321; x_wconf 84' lang='lat' dir='ltr'>est,</span> <span class='ocrx_word' id='word_1_101' title='bbox 781 1269 983 1310; x_wconf 81' lang='lat' dir='ltr'>Animum</span> <span class='ocrx_word' id='word_1_102' title='bbox 1010 1299 1025 1321; x_wconf 82' lang='lat'><strong>,</strong></span> <span class='ocrx_word' id='word_1_103' title='bbox 1071 1280 1171 1322; x_wconf 88' lang='lat' dir='ltr'>post</span> <span class='ocrx_word' id='word_1_104' title='bbox 1216 1272 1428 1325; x_wconf 85' lang='lat' dir='ltr'>Corporis</span> 
     </span>
     <span class='ocr_line' id='line_1_16' title="bbox 208 1344 1429 1400; baseline 0 -11"><span class='ocrx_word' id='word_1_105' title='bbox 208 1357 409 1400; x_wconf 85' lang='lat' dir='ltr'>mortem,</span> <span class='ocrx_word' id='word_1_106' title='bbox 451 1347 539 1391; x_wconf 87' lang='lat' dir='ltr'>veri</span> <span class='ocrx_word' id='word_1_107' title='bbox 573 1345 857 1400; x_wconf 82' lang='lat' dir='ltr'>cognitionem</span> <span class='ocrx_word' id='word_1_108' title='bbox 895 1344 1123 1397; x_wconf 89' lang='lat' dir='ltr'>pleniorem</span> <span class='ocrx_word' id='word_1_109' title='bbox 1170 1358 1429 1390; x_wconf 85' lang='lat' dir='ltr'>consecutu-</span> 
     </span>
     <span class='ocr_line' id='line_1_17' title="bbox 205 1420 1431 1476; baseline -0.003 -10"><span class='ocrx_word' id='word_1_110' title='bbox 205 1436 327 1476; x_wconf 86' lang='lat' dir='ltr'>rum,</span> <span class='ocrx_word' id='word_1_111' title='bbox 358 1433 513 1469; x_wconf 78' lang='lat' dir='ltr'>etcum</span> <span class='ocrx_word' id='word_1_112' title='bbox 551 1423 648 1465; x_wconf 89' lang='lat' dir='ltr'>Diis</span> <span class='ocrx_word' id='word_1_113' title='bbox 680 1421 993 1472; x_wconf 81' lang='lat' dir='ltr'>habitaturum3</span> <span class='ocrx_word' id='word_1_114' title='bbox 1029 1420 1236 1474; x_wconf 83' lang='lat' dir='ltr'>siquidem</span> <span class='ocrx_word' id='word_1_115' title='bbox 1264 1425 1347 1476; x_wconf 71' lang='lat' dir='ltr'>Jam</span> <span class='ocrx_word' id='word_1_116' title='bbox 1385 1423 1431 1470; x_wconf 84' lang='lat' dir='ltr'>in</span> 
     </span>
     <span class='ocr_line' id='line_1_18' title="bbox 205 1495 1429 1552; baseline -0.002 -10"><span class='ocrx_word' id='word_1_117' title='bbox 205 1500 282 1542; x_wconf 87' lang='lat' dir='ltr'>hac</span> <span class='ocrx_word' id='word_1_118' title='bbox 315 1499 404 1542; x_wconf 68' lang='lat' dir='ltr'>vita</span> <span class='ocrx_word' id='word_1_119' title='bbox 440 1511 513 1550; x_wconf 86' lang='lat' dir='ltr'>se,</span> <span class='ocrx_word' id='word_1_120' title='bbox 558 1498 700 1550; x_wconf 85' lang='lat' dir='ltr'>quoad</span> <span class='ocrx_word' id='word_1_121' title='bbox 731 1498 821 1550; x_wconf 82' lang='lat' dir='ltr'>eJ‘us</span> <span class='ocrx_word' id='word_1_122' title='bbox 859 1495 947 1538; x_wconf 83' lang='lat' dir='ltr'>fieri</span> <span class='ocrx_word' id='word_1_123' title='bbox 977 1497 1125 1550; x_wconf 86' lang='lat' dir='ltr'>potuit</span> <span class='ocrx_word' id='word_1_124' title='bbox 1146 1527 1161 1547; x_wconf 65' lang='lat'><em>9</em></span> <span class='ocrx_word' id='word_1_125' title='bbox 1204 1498 1228 1540; x_wconf 70' lang='lat' dir='ltr'>a</span> <span class='ocrx_word' id='word_1_126' title='bbox 1261 1497 1429 1552; x_wconf 89' lang='lat' dir='ltr'>Corpo-</span> 
     </span>
     <span class='ocr_line' id='line_1_19' title="bbox 202 1572 1431 1627; baseline -0.001 -11"><span class='ocrx_word' id='word_1_127' title='bbox 202 1574 264 1616; x_wconf 86' lang='lat' dir='ltr'>ris</span> <span class='ocrx_word' id='word_1_128' title='bbox 287 1574 538 1627; x_wconf 88' lang='lat' dir='ltr'>contagione</span> <span class='ocrx_word' id='word_1_129' title='bbox 556 1572 796 1626; x_wconf 83' lang='lat' dir='ltr'>purgaverit</span> <span class='ocrx_word' id='word_1_130' title='bbox 819 1584 892 1624; x_wconf 86' lang='lat' dir='ltr'>per</span> <span class='ocrx_word' id='word_1_131' title='bbox 926 1572 1322 1614; x_wconf 85' lang='lat' dir='ltr'>commentationem</span> <span class='ocrx_word' id='word_1_132' title='bbox 1359 1585 1431 1616; x_wconf 90' lang='lat' dir='ltr'>ve-</span> 
     </span>
     <span class='ocr_line' id='line_1_20' title="bbox 204 1647 1431 1703; baseline 0.001 -13"><span class='ocrx_word' id='word_1_133' title='bbox 204 1650 339 1691; x_wconf 86' lang='lat' dir='ltr'>ritatis</span> <span class='ocrx_word' id='word_1_134' title='bbox 372 1659 412 1690; x_wconf 87' lang='lat' dir='ltr'>et</span> <span class='ocrx_word' id='word_1_135' title='bbox 447 1648 634 1689; x_wconf 85' lang='lat' dir='ltr'>studium</span> <span class='ocrx_word' id='word_1_136' title='bbox 675 1647 930 1702; x_wconf 79' lang='lat' dir='ltr'>sapientiae,</span> <span class='ocrx_word' id='word_1_137' title='bbox 961 1647 1176 1703; x_wconf 77' lang='lat' dir='ltr'>justitiae,</span> <span class='ocrx_word' id='word_1_138' title='bbox 1223 1660 1269 1690; x_wconf 86' lang='lat' dir='ltr'>ac</span> <span class='ocrx_word' id='word_1_139' title='bbox 1303 1647 1431 1691; x_wconf 86' lang='lat' dir='ltr'>forti·</span> 
     </span>
     <span class='ocr_line' id='line_1_21' title="bbox 205 1723 418 1767; baseline 0 0"><span class='ocrx_word' id='word_1_140' title='bbox 205 1723 418 1767; x_wconf 85' lang='lat' dir='ltr'>tudinis.&#39;’</span> 
     </span>
    </p>

    <p class='ocr_par' dir='ltr' id='par_1_3' title="bbox 203 1797 1438 2534">
     <span class='ocr_line' id='line_1_22' title="bbox 265 1797 1429 1854; baseline 0.003 -13"><span class='ocrx_word' id='word_1_141' title='bbox 265 1801 368 1853; x_wconf 80' lang='lat' dir='ltr'>Arg.</span> <span class='ocrx_word' id='word_1_142' title='bbox 401 1799 456 1841; x_wconf 87' lang='lat' dir='ltr'>Il.</span> <span class='ocrx_word' id='word_1_143' title='bbox 489 1797 589 1852; x_wconf 86' lang='lat' dir='ltr'>(ed.</span> <span class='ocrx_word' id='word_1_144' title='bbox 624 1805 760 1840; x_wconf 88' lang='lat' dir='ltr'>nostr.</span> <span class='ocrx_word' id='word_1_145' title='bbox 794 1799 837 1851; x_wconf 61' lang='grc' dir='ltr'>ἕ.</span> <span class='ocrx_word' id='word_1_146' title='bbox 860 1814 933 1851; x_wconf 80' lang='grc' dir='ltr'>ις,</span> <span class='ocrx_word' id='word_1_147' title='bbox 964 1810 1009 1852; x_wconf 88' lang='lat' dir='ltr'>p.</span> <span class='ocrx_word' id='word_1_148' title='bbox 1039 1811 1091 1840; x_wconf 78' lang='lat'>22</span> <span class='ocrx_word' id='word_1_149' title='bbox 1113 1817 1250 1851; x_wconf 73' lang='grc' dir='ltr'><em>-ιη,</em></span> <span class='ocrx_word' id='word_1_150' title='bbox 1282 1813 1327 1854; x_wconf 87' lang='lat' dir='ltr'>p.</span> <span class='ocrx_word' id='word_1_151' title='bbox 1357 1801 1429 1845; x_wconf 83' lang='lat'>26.</span> 
     </span>
     <span class='ocr_line' id='line_1_23' title="bbox 204 1873 1431 1930; baseline 0.002 -12"><span class='ocrx_word' id='word_1_152' title='bbox 204 1873 409 1918; x_wconf 67' lang='lat' dir='ltr'>Lugdun.</span> <span class='ocrx_word' id='word_1_153' title='bbox 445 1887 488 1927; x_wconf 91' lang='lat' dir='ltr'>p.</span> <span class='ocrx_word' id='word_1_154' title='bbox 515 1874 622 1927; x_wconf 80' lang='lat'>380,</span> <span class='ocrx_word' id='word_1_155' title='bbox 653 1874 707 1915; x_wconf 91' lang='lat' dir='ltr'>C.</span> <span class='ocrx_word' id='word_1_156' title='bbox 728 1898 785 1904; x_wconf 92' lang='lat'><em>-</em></span> <span class='ocrx_word' id='word_1_157' title='bbox 805 1876 909 1927; x_wconf 81' lang='lat'><strong>382,</strong></span> <span class='ocrx_word' id='word_1_158' title='bbox 939 1875 1038 1930; x_wconf 88' lang='lat' dir='ltr'>A.)</span> <span class='ocrx_word' id='word_1_159' title='bbox 1071 1903 1096 1927; x_wconf 85' lang='lat'>„</span> <span class='ocrx_word' id='word_1_160' title='bbox 1119 1874 1186 1916; x_wconf 88' lang='lat' dir='ltr'>Ne</span> <span class='ocrx_word' id='word_1_161' title='bbox 1208 1889 1306 1918; x_wconf 87' lang='lat' dir='ltr'>vero</span> <span class='ocrx_word' id='word_1_162' title='bbox 1332 1876 1431 1929; x_wconf 77' lang='lat' dir='ltr'>quis</span> 
     </span>
     <span class='ocr_line' id='line_1_24' title="bbox 207 1949 1434 2005; baseline 0.002 -14"><span class='ocrx_word' id='word_1_163' title='bbox 207 1949 411 2005; x_wconf 80' lang='lat' dir='ltr'>objiciat,</span> <span class='ocrx_word' id='word_1_164' title='bbox 435 1949 631 1991; x_wconf 80' lang='lat' dir='ltr'>Animum</span> <span class='ocrx_word' id='word_1_165' title='bbox 654 1959 767 1991; x_wconf 82' lang='lat' dir='ltr'>extra</span> <span class='ocrx_word' id='word_1_166' title='bbox 779 1949 953 2002; x_wconf 87' lang='lat' dir='ltr'>Corpus</span> <span class='ocrx_word' id='word_1_167' title='bbox 973 1962 1060 1991; x_wconf 90' lang='lat' dir='ltr'>non</span> <span class='ocrx_word' id='word_1_168' title='bbox 1079 1951 1312 1993; x_wconf 82' lang='lat' dir='ltr'>subsistere</span> <span class='ocrx_word' id='word_1_169' title='bbox 1330 1964 1434 2005; x_wconf 90' lang='lat' dir='ltr'>pos-</span> 
     </span>
     <span class='ocr_line' id='line_1_25' title="bbox 208 2025 1433 2080; baseline 0 -12"><span class='ocrx_word' id='word_1_170' title='bbox 208 2038 284 2077; x_wconf 78' lang='lat' dir='ltr'>se,</span> <span class='ocrx_word' id='word_1_171' title='bbox 317 2025 381 2066; x_wconf 89' lang='lat' dir='ltr'>his</span> <span class='ocrx_word' id='word_1_172' title='bbox 403 2035 622 2075; x_wconf 71' lang='lat' dir='ltr'>moneatur</span> <span class='ocrx_word' id='word_1_173' title='bbox 645 2026 901 2078; x_wconf 83' lang='lat' dir='ltr'>argumentis</span> <span class='ocrx_word' id='word_1_174' title='bbox 919 2055 933 2076; x_wconf 89' lang='lat'>,</span> <span class='ocrx_word' id='word_1_175' title='bbox 963 2025 1164 2076; x_wconf 83' lang='lat' dir='ltr'>Animum</span> <span class='ocrx_word' id='word_1_176' title='bbox 1189 2027 1272 2080; x_wconf 78' lang='lat' dir='ltr'>jan]</span> <span class='ocrx_word' id='word_1_177' title='bbox 1298 2026 1433 2072; x_wconf 86' lang='lat' dir='ltr'>fuisse</span> 
     </span>
     <span class='ocr_line' id='line_1_26' title="bbox 203 2100 1434 2153; baseline 0.001 -9"><span class='ocrx_word' id='word_1_178' title='bbox 203 2111 448 2153; x_wconf 83' lang='lat' dir='ltr'>anteaquam</span> <span class='ocrx_word' id='word_1_179' title='bbox 474 2100 516 2143; x_wconf 87' lang='lat' dir='ltr'>in</span> <span class='ocrx_word' id='word_1_180' title='bbox 555 2100 727 2152; x_wconf 86' lang='lat' dir='ltr'>Corpus</span> <span class='ocrx_word' id='word_1_181' title='bbox 755 2100 930 2151; x_wconf 81' lang='lat' dir='ltr'>veniret.</span> <span class='ocrx_word' id='word_1_182' title='bbox 991 2101 1041 2143; x_wconf 92' lang='lat' dir='ltr'>In</span> <span class='ocrx_word' id='word_1_183' title='bbox 1075 2103 1164 2143; x_wconf 69' lang='lat' dir='ltr'>totz&#39;i</span> <span class='ocrx_word' id='word_1_184' title='bbox 1188 2104 1335 2152; x_wconf 67' lang='lat' dir='ltr'>natura</span> <span class='ocrx_word' id='word_1_185' title='bbox 1371 2115 1434 2149; x_wconf 86' lang='lat' dir='ltr'>re-</span> 
     </span>
     <span class='ocr_line' id='line_1_27' title="bbox 208 2176 1435 2230; baseline 0.001 -12"><span class='ocrx_word' id='word_1_186' title='bbox 208 2189 302 2218; x_wconf 84' lang='lat' dir='ltr'>rum</span> <span class='ocrx_word' id='word_1_187' title='bbox 340 2177 437 2217; x_wconf 88' lang='lat' dir='ltr'>haec</span> <span class='ocrx_word' id='word_1_188' title='bbox 479 2176 718 2222; x_wconf 83' lang='lat' dir='ltr'>dominatur</span> <span class='ocrx_word' id='word_1_189' title='bbox 742 2176 835 2226; x_wconf 79' lang='lat' dir='ltr'>lex,</span> <span class='ocrx_word' id='word_1_190' title='bbox 867 2184 943 2227; x_wconf 88' lang='lat' dir='ltr'>ut,</span> <span class='ocrx_word' id='word_1_191' title='bbox 975 2176 1185 2228; x_wconf 82' lang='lat' dir='ltr'>quidquid</span> <span class='ocrx_word' id='word_1_192' title='bbox 1211 2176 1287 2230; x_wconf 85' lang='lat' dir='ltr'>fit,</span> <span class='ocrx_word' id='word_1_193' title='bbox 1317 2179 1360 2222; x_wconf 88' lang='lat' dir='ltr'>id</span> <span class='ocrx_word' id='word_1_194' title='bbox 1384 2192 1435 2229; x_wconf 75' lang='lat' dir='ltr'>ex</span> 
     </span>
     <span class='ocr_line' id='line_1_28' title="bbox 206 2250 1436 2306; baseline 0.004 -13"><span class='ocrx_word' id='word_1_195' title='bbox 206 2253 276 2293; x_wconf 86' lang='lat' dir='ltr'>sui</span> <span class='ocrx_word' id='word_1_196' title='bbox 303 2251 512 2293; x_wconf 87' lang='lat' dir='ltr'>contrario</span> <span class='ocrx_word' id='word_1_197' title='bbox 536 2252 623 2302; x_wconf 76' lang='lat' dir='ltr'>fiat,</span> <span class='ocrx_word' id='word_1_198' title='bbox 684 2250 858 2302; x_wconf 88' lang='lat' dir='ltr'>Veluti,</span> <span class='ocrx_word' id='word_1_199' title='bbox 893 2252 1009 2303; x_wconf 83' lang='lat' dir='ltr'>quod</span> <span class='ocrx_word' id='word_1_200' title='bbox 1035 2253 1169 2305; x_wconf 85' lang='lat' dir='ltr'>majus</span> <span class='ocrx_word' id='word_1_201' title='bbox 1203 2253 1278 2305; x_wconf 89' lang='lat' dir='ltr'>fit,</span> <span class='ocrx_word' id='word_1_202' title='bbox 1309 2254 1352 2296; x_wconf 88' lang='lat' dir='ltr'>id</span> <span class='ocrx_word' id='word_1_203' title='bbox 1383 2267 1436 2306; x_wconf 76' lang='lat' dir='ltr'>ex</span> 
     </span>
     <span class='ocr_line' id='line_1_29' title="bbox 212 2325 1434 2380; baseline 0.004 -11"><span class='ocrx_word' id='word_1_204' title='bbox 212 2327 365 2372; x_wconf 80' lang='lat' dir='ltr'>minori</span> <span class='ocrx_word' id='word_1_205' title='bbox 391 2326 438 2369; x_wconf 87' lang='lat' dir='ltr'>fit</span> <span class='ocrx_word' id='word_1_206' title='bbox 469 2327 631 2380; x_wconf 72' lang='lat' dir='ltr'>majus⁹</span> <span class='ocrx_word' id='word_1_207' title='bbox 664 2327 791 2373; x_wconf 81' lang='lat' dir='ltr'>velox</span> <span class='ocrx_word' id='word_1_208' title='bbox 824 2325 872 2367; x_wconf 87' lang='lat' dir='ltr'>fit</span> <span class='ocrx_word' id='word_1_209' title='bbox 904 2338 953 2368; x_wconf 81' lang='lat' dir='ltr'>ex</span> <span class='ocrx_word' id='word_1_210' title='bbox 988 2328 1138 2379; x_wconf 81' lang='lat' dir='ltr'>tardo,</span> <span class='ocrx_word' id='word_1_211' title='bbox 1184 2327 1349 2372; x_wconf 85' lang='lat' dir='ltr'>firmum</span> <span class='ocrx_word' id='word_1_212' title='bbox 1383 2343 1434 2374; x_wconf 80' lang='lat' dir='ltr'>ex</span> 
     </span>
     <span class='ocr_line' id='line_1_30' title="bbox 215 2401 1436 2458; baseline 0.005 -15"><span class='ocrx_word' id='word_1_213' title='bbox 215 2401 412 2456; x_wconf 84' lang='lat' dir='ltr'>infirmo,</span> <span class='ocrx_word' id='word_1_214' title='bbox 449 2403 562 2443; x_wconf 87' lang='lat' dir='ltr'>calor</span> <span class='ocrx_word' id='word_1_215' title='bbox 583 2414 631 2456; x_wconf 80' lang='lat' dir='ltr'>ex</span> <span class='ocrx_word' id='word_1_216' title='bbox 654 2401 826 2455; x_wconf 84' lang='lat' dir='ltr'>frigore.</span> <span class='ocrx_word' id='word_1_217' title='bbox 885 2401 949 2443; x_wconf 91' lang='lat' dir='ltr'>Ita</span> <span class='ocrx_word' id='word_1_218' title='bbox 976 2415 1151 2456; x_wconf 87' lang='lat' dir='ltr'>quoque</span> <span class='ocrx_word' id='word_1_219' title='bbox 1173 2415 1322 2448; x_wconf 87' lang='lat' dir='ltr'>contra</span> <span class='ocrx_word' id='word_1_220' title='bbox 1340 2437 1356 2458; x_wconf 88' lang='lat'><strong>‚</strong></span> <span class='ocrx_word' id='word_1_221' title='bbox 1384 2418 1436 2456; x_wconf 77' lang='lat' dir='ltr'>ex</span> 
     </span>
     <span class='ocr_line' id='line_1_31' title="bbox 216 2475 1438 2534; baseline 0.002 -14"><span class='ocrx_word' id='word_1_222' title='bbox 216 2478 372 2533; x_wconf 78' lang='lat' dir='ltr'>majore</span> <span class='ocrx_word' id='word_1_223' title='bbox 402 2475 449 2520; x_wconf 87' lang='lat' dir='ltr'>fit</span> <span class='ocrx_word' id='word_1_224' title='bbox 484 2477 652 2531; x_wconf 77' lang='lat' dir='ltr'>minus,</span> <span class='ocrx_word' id='word_1_225' title='bbox 683 2489 732 2520; x_wconf 80' lang='lat' dir='ltr'>ex</span> <span class='ocrx_word' id='word_1_226' title='bbox 767 2476 888 2521; x_wconf 87' lang='lat' dir='ltr'>firmo</span> <span class='ocrx_word' id='word_1_227' title='bbox 922 2477 1167 2534; x_wconf 76' lang='lat' dir='ltr'>infirmum,</span> <span class='ocrx_word' id='word_1_228' title='bbox 1213 2492 1263 2524; x_wconf 82' lang='lat' dir='ltr'>ex</span> <span class='ocrx_word' id='word_1_229' title='bbox 1298 2480 1438 2524; x_wconf 88' lang='lat' dir='ltr'>veloci</span> 
     </span>
    </p>
   </div>
   <div class='ocr_carea' id='block_1_3' title="bbox 1355 2564 1437 2599">
    <p class='ocr_par' dir='ltr' id='par_1_4' title="bbox 1355 2564 1437 2599">
     <span class='ocr_line' id='line_1_32' title="bbox 1355 2564 1437 2599; baseline 0 0"><span class='ocrx_word' id='word_1_230' title='bbox 1355 2564 1437 2599; x_wconf 67' lang='lat' dir='ltr'><strong>tar-</strong></span> 
     </span>
    </p>
   </div>
  </div>
 </body>
</html>
