<?xml version="1.0" encoding="UTF-8"?>
<!DOCTYPE html PUBLIC "-//W3C//DTD XHTML 1.0 Transitional//EN"
    "http://www.w3.org/TR/xhtml1/DTD/xhtml1-transitional.dtd">
<html xmlns="http://www.w3.org/1999/xhtml" xml:lang="en" lang="en">
 <head>
  <title>
</title>
<meta http-equiv="Content-Type" content="text/html;charset=utf-8" />
  <meta name='ocr-system' content='tesseract 3.04.00' />
  <meta name='ocr-capabilities' content='ocr_page ocr_carea ocr_par ocr_line ocrx_word'/>
</head>
<body>
  <div class='ocr_page' id='page_1' title='image "./opusculavariiarg02wytt/opusculavariiarg02wytt_0380.png"; bbox 0 0 1693 3110; ppageno 0'>
   <div class='ocr_carea' id='block_1_1' title="bbox 227 178 1160 237">
    <p class='ocr_par' dir='ltr' id='par_1_1' title="bbox 227 178 1160 237">
     <span class='ocr_line' id='line_1_1' title="bbox 227 178 1160 237; baseline 0.002 -15"><span class='ocrx_word' id='word_1_1' title='bbox 227 181 311 237; x_wconf 71' lang='lat'>364</span> <span class='ocrx_word' id='word_1_2' title='bbox 507 178 1160 224; x_wconf 74' lang='lat' dir='ltr'>PARENTALIA.</span> 
     </span>
    </p>
   </div>
   <div class='ocr_carea' id='block_1_2' title="bbox 214 300 1463 2621">
    <p class='ocr_par' dir='ltr' id='par_1_2' title="bbox 214 300 1457 2558">
     <span class='ocr_line' id='line_1_2' title="bbox 227 300 1446 360; baseline 0.003 -17"><span class='ocrx_word' id='word_1_3' title='bbox 227 302 350 343; x_wconf 80' lang='lat' dir='ltr'>etiam</span> <span class='ocrx_word' id='word_1_4' title='bbox 390 300 654 343; x_wconf 80' lang='lat' dir='ltr'>Professores</span> <span class='ocrx_word' id='word_1_5' title='bbox 690 300 1030 353; x_wconf 76' lang='lat' dir='ltr'>Leidenses‚&#39;ut</span> <span class='ocrx_word' id='word_1_6' title='bbox 1069 301 1234 344; x_wconf 80' lang='lat' dir='ltr'>deditos</span> <span class='ocrx_word' id='word_1_7' title='bbox 1269 304 1446 360; x_wconf 68' lang='lat' dir='ltr'>maxime</span> 
     </span>
     <span class='ocr_line' id='line_1_3' title="bbox 230 378 1441 432; baseline 0.005 -14"><span class='ocrx_word' id='word_1_8' title='bbox 230 379 476 420; x_wconf 76' lang='lat' dir='ltr'>Nassavicis</span> <span class='ocrx_word' id='word_1_9' title='bbox 500 378 689 429; x_wconf 82' lang='lat' dir='ltr'>partibus</span> <span class='ocrx_word' id='word_1_10' title='bbox 705 409 720 430; x_wconf 82' lang='lat'>‚</span> <span class='ocrx_word' id='word_1_11' title='bbox 752 379 844 420; x_wconf 85' lang='lat' dir='ltr'>suis</span> <span class='ocrx_word' id='word_1_12' title='bbox 864 378 1070 420; x_wconf 83' lang='lat' dir='ltr'>cathedris</span> <span class='ocrx_word' id='word_1_13' title='bbox 1094 379 1334 432; x_wconf 82' lang='lat' dir='ltr'><strong>privarent,</strong></span> <span class='ocrx_word' id='word_1_14' title='bbox 1351 381 1441 426; x_wconf 40' lang='lat' dir='ltr'>‚Pe-2</span> 
     </span>
     <span class='ocr_line' id='line_1_4' title="bbox 227 453 1438 512; baseline -0.001 -15"><span class='ocrx_word' id='word_1_15' title='bbox 227 456 393 497; x_wconf 75' lang='lat' dir='ltr'>stelium</span> <span class='ocrx_word' id='word_1_16' title='bbox 411 485 425 506; x_wconf 86' lang='lat'>‚</span> <span class='ocrx_word' id='word_1_17' title='bbox 458 455 704 504; x_wconf 58' lang='lat' dir='ltr'>Kmitium,</span> <span class='ocrx_word' id='word_1_18' title='bbox 736 463 775 495; x_wconf 91' lang='lat' dir='ltr'>et</span> <span class='ocrx_word' id='word_1_19' title='bbox 803 454 970 495; x_wconf 74' lang='lat' dir='ltr'>fratrem</span> <span class='ocrx_word' id='word_1_20' title='bbox 1007 453 1168 496; x_wconf 89' lang='lat' dir='ltr'>Boersii</span> <span class='ocrx_word' id='word_1_21' title='bbox 1196 455 1398 496; x_wconf 88' lang='lat' dir='ltr'>Carolum</span> <span class='ocrx_word' id='word_1_22' title='bbox 1414 485 1438 512; x_wconf 12' lang='grc' dir='ltr'>,Ὺ</span> 
     </span>
     <span class='ocr_line' id='line_1_5' title="bbox 229 529 1443 583; baseline 0.003 -14"><span class='ocrx_word' id='word_1_23' title='bbox 229 529 493 580; x_wconf 62' lang='grc' dir='ltr'>·Ί“1]εοΙοξίεε</span> <span class='ocrx_word' id='word_1_24' title='bbox 515 529 797 570; x_wconf 77' lang='lat' dir='ltr'>professorem</span> <span class='ocrx_word' id='word_1_25' title='bbox 814 560 828 582; x_wconf 91' lang='lat'>‚</span> <span class='ocrx_word' id='word_1_26' title='bbox 865 530 962 582; x_wconf 85' lang='lat' dir='ltr'>ipso</span> <span class='ocrx_word' id='word_1_27' title='bbox 989 530 1194 572; x_wconf 81' lang='lat' dir='ltr'>minorem</span> <span class='ocrx_word' id='word_1_28' title='bbox 1222 531 1443 583; x_wconf 68' lang='lat' dir='ltr'>quadrien·r</span> 
     </span>
     <span class='ocr_line' id='line_1_6' title="bbox 225 603 1441 663; baseline 0.001 -17"><span class='ocrx_word' id='word_1_29' title='bbox 225 604 317 647; x_wconf 82' lang='lat' dir='ltr'>nio.</span> <span class='ocrx_word' id='word_1_30' title='bbox 378 603 490 655; x_wconf 83' lang='lat' dir='ltr'>Hic,</span> <span class='ocrx_word' id='word_1_31' title='bbox 522 613 571 644; x_wconf 90' lang='lat' dir='ltr'>ut</span> <span class='ocrx_word' id='word_1_32' title='bbox 607 605 803 657; x_wconf 85' lang='lat' dir='ltr'>princeps</span> <span class='ocrx_word' id='word_1_33' title='bbox 832 616 1108 659; x_wconf 82' lang='lat' dir='ltr'>cognatorum</span> <span class='ocrx_word' id='word_1_34' title='bbox 1128 637 1144 658; x_wconf 88' lang='lat'>‚</span> <span class='ocrx_word' id='word_1_35' title='bbox 1177 618 1354 658; x_wconf 89' lang='lat' dir='ltr'>quorum</span> <span class='ocrx_word' id='word_1_36' title='bbox 1395 605 1441 663; x_wconf 74' lang='lat' dir='ltr'>in</span> 
     </span>
     <span class='ocr_line' id='line_1_7' title="bbox 228 677 1441 735; baseline 0.006 -16"><span class='ocrx_word' id='word_1_37' title='bbox 228 679 358 719; x_wconf 84' lang='lat' dir='ltr'>tutela</span> <span class='ocrx_word' id='word_1_38' title='bbox 397 688 437 719; x_wconf 89' lang='lat' dir='ltr'>et</span> <span class='ocrx_word' id='word_1_39' title='bbox 465 677 681 720; x_wconf 81' lang='lat' dir='ltr'>curatione</span> <span class='ocrx_word' id='word_1_40' title='bbox 714 691 933 732; x_wconf 83' lang='lat' dir='ltr'>aegrotans</span> <span class='ocrx_word' id='word_1_41' title='bbox 973 681 1098 723; x_wconf 87' lang='lat' dir='ltr'>frater</span> <span class='ocrx_word' id='word_1_42' title='bbox 1133 692 1271 732; x_wconf 81' lang='lat' dir='ltr'>esset,</span> <span class='ocrx_word' id='word_1_43' title='bbox 1313 681 1441 735; x_wconf 77' lang='lat' dir='ltr'>hujus</span> 
     </span>
     <span class='ocr_line' id='line_1_8' title="bbox 228 737 1446 808; baseline 0.002 -12"><span class='ocrx_word' id='word_1_44' title='bbox 228 753 415 797; x_wconf 84' lang='lat' dir='ltr'>fortunis</span> <span class='ocrx_word' id='word_1_45' title='bbox 457 754 520 796; x_wconf 89' lang='lat' dir='ltr'>sic</span> <span class='ocrx_word' id='word_1_46' title='bbox 556 767 599 795; x_wconf 88' lang='lat' dir='ltr'>se</span> <span class='ocrx_word' id='word_1_47' title='bbox 636 757 857 797; x_wconf 87' lang='lat' dir='ltr'>consulere</span> <span class='ocrx_word' id='word_1_48' title='bbox 893 755 1040 798; x_wconf 89' lang='lat' dir='ltr'>debere</span> <span class='ocrx_word' id='word_1_49' title='bbox 1074 755 1354 808; x_wconf 82' lang='lat' dir='ltr'>existimavit,</span> <span class='ocrx_word' id='word_1_50' title='bbox 1396 737 1446 798; x_wconf 69' lang='lat' dir='ltr'>ut</span> 
     </span>
     <span class='ocr_line' id='line_1_9' title="bbox 229 831 1444 884; baseline 0 -12"><span class='ocrx_word' id='word_1_51' title='bbox 229 843 352 883; x_wconf 76' lang='lat' dir='ltr'>eum,</span> <span class='ocrx_word' id='word_1_52' title='bbox 380 831 522 873; x_wconf 87' lang='lat' dir='ltr'>relicta</span> <span class='ocrx_word' id='word_1_53' title='bbox 546 845 621 873; x_wconf 87' lang='lat' dir='ltr'>sua</span> <span class='ocrx_word' id='word_1_54' title='bbox 646 833 772 874; x_wconf 88' lang='lat' dir='ltr'>domo</span> <span class='ocrx_word' id='word_1_55' title='bbox 794 842 834 874; x_wconf 92' lang='lat' dir='ltr'>et</span> <span class='ocrx_word' id='word_1_56' title='bbox 860 832 1046 884; x_wconf 71' lang='lat' dir='ltr'>familia,</span> <span class='ocrx_word' id='word_1_57' title='bbox 1077 833 1306 876; x_wconf 74' lang='lat' dir='ltr'>curandum</span> <span class='ocrx_word' id='word_1_58' title='bbox 1327 833 1444 880; x_wconf 69' lang='lat' dir='ltr'>alen-</span> 
     </span>
     <span class='ocr_line' id='line_1_10' title="bbox 231 906 1446 959; baseline -0.002 -10"><span class='ocrx_word' id='word_1_59' title='bbox 231 908 423 959; x_wconf 81' lang='lat' dir='ltr'>dumque</span> <span class='ocrx_word' id='word_1_60' title='bbox 450 908 682 949; x_wconf 82' lang='lat' dir='ltr'>collocaret</span> <span class='ocrx_word' id='word_1_61' title='bbox 706 917 816 948; x_wconf 87' lang='lat' dir='ltr'>certa</span> <span class='ocrx_word' id='word_1_62' title='bbox 841 919 974 950; x_wconf 83' lang='lat' dir='ltr'>annua</span> <span class='ocrx_word' id='word_1_63' title='bbox 1001 908 1186 951; x_wconf 83' lang='lat' dir='ltr'>mercede</span> <span class='ocrx_word' id='word_1_64' title='bbox 1219 906 1332 959; x_wconf 88' lang='lat' dir='ltr'>apud</span> <span class='ocrx_word' id='word_1_65' title='bbox 1355 917 1446 947; x_wconf 85' lang='lat' dir='ltr'>ma·</span> 
     </span>
     <span class='ocr_line' id='line_1_11' title="bbox 232 982 1444 1036; baseline -0.002 -12"><span class='ocrx_word' id='word_1_66' title='bbox 232 984 417 1036; x_wconf 75' lang='lat' dir='ltr'>gistrum</span> <span class='ocrx_word' id='word_1_67' title='bbox 461 982 707 1036; x_wconf 82' lang='lat' dir='ltr'>hujusmodi</span> <span class='ocrx_word' id='word_1_68' title='bbox 734 983 986 1034; x_wconf 81' lang='lat' dir='ltr'>custodiae,</span> <span class='ocrx_word' id='word_1_69' title='bbox 1018 995 1122 1034; x_wconf 85' lang='lat' dir='ltr'>quae</span> <span class='ocrx_word' id='word_1_70' title='bbox 1151 982 1328 1035; x_wconf 78' lang='lat' dir='ltr'>Delphis</span> <span class='ocrx_word' id='word_1_71' title='bbox 1362 989 1444 1022; x_wconf 88' lang='lat' dir='ltr'>est.</span> 
     </span>
     <span class='ocr_line' id='line_1_12' title="bbox 231 1058 1444 1114; baseline -0.003 -13"><span class='ocrx_word' id='word_1_72' title='bbox 231 1060 359 1114; x_wconf 80' lang='lat' dir='ltr'>Quod</span> <span class='ocrx_word' id='word_1_73' title='bbox 395 1060 463 1101; x_wconf 94' lang='lat' dir='ltr'>hic</span> <span class='ocrx_word' id='word_1_74' title='bbox 503 1061 667 1112; x_wconf 88' lang='lat' dir='ltr'>optimo</span> <span class='ocrx_word' id='word_1_75' title='bbox 709 1059 893 1102; x_wconf 82' lang='lat' dir='ltr'>consilio</span> <span class='ocrx_word' id='word_1_76' title='bbox 927 1058 1106 1110; x_wconf 73' lang='lat' dir='ltr'>fecerat„</span> <span class='ocrx_word' id='word_1_77' title='bbox 1147 1059 1190 1099; x_wconf 90' lang='lat' dir='ltr'>id</span> <span class='ocrx_word' id='word_1_78' title='bbox 1225 1066 1444 1111; x_wconf 84' lang='lat' dir='ltr'>aegrotans</span> 
     </span>
     <span class='ocr_line' id='line_1_13' title="bbox 228 1135 1446 1190; baseline -0.004 -12"><span class='ocrx_word' id='word_1_79' title='bbox 228 1135 357 1183; x_wconf 82' lang='lat' dir='ltr'>frater</span> <span class='ocrx_word' id='word_1_80' title='bbox 399 1149 603 1177; x_wconf 78' lang='lat' dir='ltr'>summam</span> <span class='ocrx_word' id='word_1_81' title='bbox 642 1136 835 1190; x_wconf 81' lang='lat' dir='ltr'>injuriam</span> <span class='ocrx_word' id='word_1_82' title='bbox 879 1136 1186 1189; x_wconf 53' lang='lat' dir='ltr'>interpretans„</span> <span class='ocrx_word' id='word_1_83' title='bbox 1224 1135 1446 1176; x_wconf 83' lang='lat' dir='ltr'>vehemen-</span> 
     </span>
     <span class='ocr_line' id='line_1_14' title="bbox 214 1209 1441 1264; baseline -0.003 -11"><span class='ocrx_word' id='word_1_84' title='bbox 214 1212 314 1257; x_wconf 18' lang='lat' dir='ltr'>*tius</span> <span class='ocrx_word' id='word_1_85' title='bbox 345 1213 465 1254; x_wconf 76' lang='lat' dir='ltr'>etiam</span> <span class='ocrx_word' id='word_1_86' title='bbox 492 1225 616 1263; x_wconf 85' lang='lat' dir='ltr'>quam</span> <span class='ocrx_word' id='word_1_87' title='bbox 646 1222 763 1254; x_wconf 83' lang='lat' dir='ltr'>antea</span> <span class='ocrx_word' id='word_1_88' title='bbox 787 1212 926 1254; x_wconf 85' lang='lat' dir='ltr'>animo</span> <span class='ocrx_word' id='word_1_89' title='bbox 950 1220 1218 1264; x_wconf 83' lang='lat' dir='ltr'>exasperatus</span> <span class='ocrx_word' id='word_1_90' title='bbox 1242 1220 1284 1252; x_wconf 89' lang='lat' dir='ltr'>et</span> <span class='ocrx_word' id='word_1_91' title='bbox 1320 1209 1441 1251; x_wconf 85' lang='lat' dir='ltr'>furo-</span> 
     </span>
     <span class='ocr_line' id='line_1_15' title="bbox 225 1274 1447 1341; baseline -0.006 -9"><span class='ocrx_word' id='word_1_92' title='bbox 225 1302 269 1332; x_wconf 84' lang='lat' dir='ltr'>re</span> <span class='ocrx_word' id='word_1_93' title='bbox 301 1291 499 1332; x_wconf 85' lang='lat' dir='ltr'>incensus</span> <span class='ocrx_word' id='word_1_94' title='bbox 529 1299 619 1341; x_wconf 85' lang='lat' dir='ltr'>est;</span> <span class='ocrx_word' id='word_1_95' title='bbox 654 1299 699 1329; x_wconf 89' lang='lat' dir='ltr'>ut</span> <span class='ocrx_word' id='word_1_96' title='bbox 732 1290 885 1330; x_wconf 85' lang='lat' dir='ltr'>malum</span> <span class='ocrx_word' id='word_1_97' title='bbox 919 1298 1005 1329; x_wconf 84' lang='lat' dir='ltr'>arte</span> <span class='ocrx_word' id='word_1_98' title='bbox 1030 1286 1262 1329; x_wconf 83' lang='lat' dir='ltr'>insanabile</span> <span class='ocrx_word' id='word_1_99' title='bbox 1285 1274 1447 1335; x_wconf 81' lang='lat' dir='ltr'>dubiae</span> 
     </span>
     <span class='ocr_line' id='line_1_16' title="bbox 230 1363 1449 1418; baseline -0.007 -9"><span class='ocrx_word' id='word_1_100' title='bbox 230 1367 459 1409; x_wconf 80' lang='lat' dir='ltr'>medicinae</span> <span class='ocrx_word' id='word_1_101' title='bbox 503 1366 707 1418; x_wconf 84' lang='lat' dir='ltr'>temporis</span> <span class='ocrx_word' id='word_1_102' title='bbox 753 1365 1073 1417; x_wconf 77' lang='lat' dir='ltr'>relinqueretur.</span> <span class='ocrx_word' id='word_1_103' title='bbox 1144 1363 1262 1404; x_wconf 81' lang='lat' dir='ltr'>Vicit</span> <span class='ocrx_word' id='word_1_104' title='bbox 1297 1369 1449 1406; x_wconf 86' lang='lat' dir='ltr'>tamen·</span> 
     </span>
     <span class='ocr_line' id='line_1_17' title="bbox 230 1437 1444 1491; baseline -0.008 -5"><span class='ocrx_word' id='word_1_105' title='bbox 230 1453 402 1486; x_wconf 85' lang='lat' dir='ltr'>naturae</span> <span class='ocrx_word' id='word_1_106' title='bbox 427 1441 615 1483; x_wconf 80' lang='lat' dir='ltr'>bonitas.</span> <span class='ocrx_word' id='word_1_107' title='bbox 676 1440 784 1481; x_wconf 85' lang='lat' dir='ltr'>Nam</span> <span class='ocrx_word' id='word_1_108' title='bbox 815 1451 944 1491; x_wconf 89' lang='lat' dir='ltr'>quum</span> <span class='ocrx_word' id='word_1_109' title='bbox 983 1438 1056 1480; x_wconf 81' lang='lat' dir='ltr'>isti</span> <span class='ocrx_word' id='word_1_110' title='bbox 1091 1437 1276 1479; x_wconf 84' lang='lat' dir='ltr'>fervores</span> <span class='ocrx_word' id='word_1_111' title='bbox 1307 1446 1347 1477; x_wconf 90' lang='lat' dir='ltr'>et</span> <span class='ocrx_word' id='word_1_112' title='bbox 1374 1447 1444 1476; x_wconf 86' lang='lat' dir='ltr'>ae·</span> 
     </span>
     <span class='ocr_line' id='line_1_18' title="bbox 229 1512 1444 1571; baseline -0.009 -9"><span class='ocrx_word' id='word_1_113' title='bbox 229 1532 324 1562; x_wconf 85' lang='lat' dir='ltr'>stus</span> <span class='ocrx_word' id='word_1_114' title='bbox 351 1520 505 1571; x_wconf 79' lang='lat' dir='ltr'>quinto</span> <span class='ocrx_word' id='word_1_115' title='bbox 542 1518 707 1559; x_wconf 77' lang='lat' dir='ltr'>demum</span> <span class='ocrx_word' id='word_1_116' title='bbox 740 1528 848 1559; x_wconf 82' lang='lat' dir='ltr'>anno</span> <span class='ocrx_word' id='word_1_117' title='bbox 873 1517 1135 1568; x_wconf 87' lang='lat' dir='ltr'>aliquantum</span> <span class='ocrx_word' id='word_1_118' title='bbox 1162 1512 1444 1562; x_wconf 80' lang='lat' dir='ltr'>resedissent,</span> 
     </span>
     <span class='ocr_line' id='line_1_19' title="bbox 230 1588 1444 1647; baseline -0.009 -10"><span class='ocrx_word' id='word_1_119' title='bbox 230 1608 278 1637; x_wconf 88' lang='lat' dir='ltr'>ut</span> <span class='ocrx_word' id='word_1_120' title='bbox 304 1604 390 1637; x_wconf 85' lang='lat' dir='ltr'>erat</span> <span class='ocrx_word' id='word_1_121' title='bbox 416 1594 586 1647; x_wconf 81' lang='lat' dir='ltr'>iugenio</span> <span class='ocrx_word' id='word_1_122' title='bbox 613 1601 791 1634; x_wconf 83' lang='lat' dir='ltr'>actuoso</span> <span class='ocrx_word' id='word_1_123' title='bbox 820 1601 860 1632; x_wconf 90' lang='lat' dir='ltr'>et</span> <span class='ocrx_word' id='word_1_124' title='bbox 892 1591 1090 1634; x_wconf 78' lang='lat' dir='ltr'>scientiae</span> <span class='ocrx_word' id='word_1_125' title='bbox 1114 1588 1300 1641; x_wconf 80' lang='lat' dir='ltr'>cupid0‚</span> <span class='ocrx_word' id='word_1_126' title='bbox 1330 1597 1444 1627; x_wconf 60' lang='lat' dir='ltr'>vete÷</span> 
     </span>
     <span class='ocr_line' id='line_1_20' title="bbox 230 1659 1444 1718; baseline -0.01 -6"><span class='ocrx_word' id='word_1_127' title='bbox 230 1684 272 1712; x_wconf 84' lang='lat' dir='ltr'>ra</span> <span class='ocrx_word' id='word_1_128' title='bbox 300 1683 375 1711; x_wconf 84' lang='lat' dir='ltr'>sua</span> <span class='ocrx_word' id='word_1_129' title='bbox 409 1670 547 1711; x_wconf 81' lang='lat' dir='ltr'>studia</span> <span class='ocrx_word' id='word_1_130' title='bbox 573 1667 848 1718; x_wconf 82' lang='lat' dir='ltr'>desideravit,</span> <span class='ocrx_word' id='word_1_131' title='bbox 879 1666 1100 1717; x_wconf 83' lang='lat' dir='ltr'>librosque</span> <span class='ocrx_word' id='word_1_132' title='bbox 1135 1675 1238 1705; x_wconf 88' lang='lat' dir='ltr'>suos</span> <span class='ocrx_word' id='word_1_133' title='bbox 1270 1659 1444 1705; x_wconf 80' lang='lat' dir='ltr'>arcessi·</span> 
     </span>
     <span class='ocr_line' id='line_1_21' title="bbox 228 1745 1449 1795; baseline -0.007 -6"><span class='ocrx_word' id='word_1_134' title='bbox 228 1747 307 1789; x_wconf 90' lang='lat' dir='ltr'>vit.</span> <span class='ocrx_word' id='word_1_135' title='bbox 372 1746 420 1787; x_wconf 90' lang='lat' dir='ltr'>In</span> <span class='ocrx_word' id='word_1_136' title='bbox 453 1746 518 1787; x_wconf 87' lang='lat' dir='ltr'>his</span> <span class='ocrx_word' id='word_1_137' title='bbox 555 1745 732 1786; x_wconf 77' lang='lat' dir='ltr'>maxime</span> <span class='ocrx_word' id='word_1_138' title='bbox 766 1755 859 1784; x_wconf 87' lang='lat' dir='ltr'>eum</span> <span class='ocrx_word' id='word_1_139' title='bbox 897 1750 1098 1795; x_wconf 82' lang='lat' dir='ltr'>ceperunt</span> <span class='ocrx_word' id='word_1_140' title='bbox 1133 1753 1179 1782; x_wconf 87' lang='lat' dir='ltr'>ac</span> <span class='ocrx_word' id='word_1_141' title='bbox 1221 1747 1449 1781; x_wconf 81' lang='lat' dir='ltr'>tenuerunt</span> 
     </span>
     <span class='ocr_line' id='line_1_22' title="bbox 230 1816 1457 1873; baseline -0.006 -10"><span class='ocrx_word' id='word_1_142' title='bbox 230 1821 408 1873; x_wconf 79' lang='lat' dir='ltr'>Graeci,</span> <span class='ocrx_word' id='word_1_143' title='bbox 439 1834 670 1872; x_wconf 82' lang='lat' dir='ltr'>eorumque</span> <span class='ocrx_word' id='word_1_144' title='bbox 704 1819 950 1872; x_wconf 70' lang='lat' dir='ltr'>quotidiana</span> <span class='ocrx_word' id='word_1_145' title='bbox 985 1817 1167 1863; x_wconf 84' lang='lat' dir='ltr'>lectione</span> <span class='ocrx_word' id='word_1_146' title='bbox 1203 1816 1457 1862; x_wconf 68' lang='lat' dir='ltr'>oblectatus,</span> 
     </span>
     <span class='ocr_line' id='line_1_23' title="bbox 231 1892 1443 1949; baseline -0.006 -10"><span class='ocrx_word' id='word_1_147' title='bbox 231 1907 269 1939; x_wconf 86' lang='lat' dir='ltr'>et</span> <span class='ocrx_word' id='word_1_148' title='bbox 306 1897 503 1949; x_wconf 83' lang='lat' dir='ltr'>paulatim</span> <span class='ocrx_word' id='word_1_149' title='bbox 549 1897 591 1937; x_wconf 87' lang='lat' dir='ltr'>in</span> <span class='ocrx_word' id='word_1_150' title='bbox 624 1898 844 1947; x_wconf 75' lang='lat' dir='ltr'>quamdam</span> <span class='ocrx_word' id='word_1_151' title='bbox 888 1894 1064 1939; x_wconf 83' lang='lat' dir='ltr'>rationis</span> <span class='ocrx_word' id='word_1_152' title='bbox 1099 1894 1204 1939; x_wconf 79' lang='lat' dir='ltr'>viam</span> <span class='ocrx_word' id='word_1_153' title='bbox 1243 1892 1443 1934; x_wconf 82' lang='lat' dir='ltr'>reductus</span> 
     </span>
     <span class='ocr_line' id='line_1_24' title="bbox 234 1968 1457 2026; baseline -0.004 -11"><span class='ocrx_word' id='word_1_154' title='bbox 234 1984 311 2016; x_wconf 78' lang='lat' dir='ltr'>est.</span> <span class='ocrx_word' id='word_1_155' title='bbox 373 1973 500 2026; x_wconf 80' lang='lat' dir='ltr'>Legit</span> <span class='ocrx_word' id='word_1_156' title='bbox 535 1972 860 2024; x_wconf 72' lang='lat' dir='ltr'>Aristophanem</span> <span class='ocrx_word' id='word_1_157' title='bbox 899 1981 939 2016; x_wconf 83' lang='lat' dir='ltr'>et</span> <span class='ocrx_word' id='word_1_158' title='bbox 977 1970 1259 2013; x_wconf 86' lang='lat' dir='ltr'>Herodotum.</span> <span class='ocrx_word' id='word_1_159' title='bbox 1322 1968 1457 2019; x_wconf 21' lang='lat' dir='ltr'>Tunc*</span> 
     </span>
     <span class='ocr_line' id='line_1_25' title="bbox 238 2043 1451 2100; baseline -0.003 -11"><span class='ocrx_word' id='word_1_160' title='bbox 238 2060 412 2100; x_wconf 83' lang='lat' dir='ltr'>quoque</span> <span class='ocrx_word' id='word_1_161' title='bbox 439 2056 636 2089; x_wconf 80' lang='lat' dir='ltr'>nostrum</span> <span class='ocrx_word' id='word_1_162' title='bbox 674 2058 948 2100; x_wconf 79' lang='lat' dir='ltr'>congressum</span> <span class='ocrx_word' id='word_1_163' title='bbox 978 2044 1220 2097; x_wconf 77' lang='lat' dir='ltr'>requisivit.</span> <span class='ocrx_word' id='word_1_164' title='bbox 1265 2044 1371 2087; x_wconf 85' lang='lat' dir='ltr'>Veni</span> <span class='ocrx_word' id='word_1_165' title='bbox 1398 2043 1451 2085; x_wconf 88' lang='lat' dir='ltr'>ad</span> 
     </span>
     <span class='ocr_line' id='line_1_26' title="bbox 236 2120 1449 2175; baseline -0.005 -10"><span class='ocrx_word' id='word_1_166' title='bbox 236 2137 326 2167; x_wconf 87' lang='lat' dir='ltr'>eum</span> <span class='ocrx_word' id='word_1_167' title='bbox 356 2136 450 2164; x_wconf 84' lang='lat' dir='ltr'>cum</span> <span class='ocrx_word' id='word_1_168' title='bbox 482 2122 727 2175; x_wconf 66' lang='lat' dir='ltr'>Paradysio.</span> <span class='ocrx_word' id='word_1_169' title='bbox 773 2121 951 2173; x_wconf 84' lang='lat' dir='ltr'>Excepit</span> <span class='ocrx_word' id='word_1_170' title='bbox 987 2133 1065 2162; x_wconf 85' lang='lat' dir='ltr'>nos</span> <span class='ocrx_word' id='word_1_171' title='bbox 1088 2120 1449 2168; x_wconf 67' lang='lat' dir='ltr'>lacrimansxmox</span> 
     </span>
     <span class='ocr_line' id='line_1_27' title="bbox 239 2194 1450 2251; baseline -0.007 -10"><span class='ocrx_word' id='word_1_172' title='bbox 239 2200 290 2244; x_wconf 82' lang='lat' dir='ltr'>ad</span> <span class='ocrx_word' id='word_1_173' title='bbox 327 2197 550 2251; x_wconf 85' lang='lat' dir='ltr'>pristinam</span> <span class='ocrx_word' id='word_1_174' title='bbox 586 2198 833 2238; x_wconf 73' lang='lat' dir='ltr'>hilaritatem</span> <span class='ocrx_word' id='word_1_175' title='bbox 877 2197 1038 2238; x_wconf 82' lang='lat' dir='ltr'>rediens</span> <span class='ocrx_word' id='word_1_176' title='bbox 1074 2194 1203 2235; x_wconf 82' lang='lat' dir='ltr'>multa</span> <span class='ocrx_word' id='word_1_177' title='bbox 1238 2195 1450 2247; x_wconf 84' lang='lat' dir='ltr'>narravit,</span> 
     </span>
     <span class='ocr_line' id='line_1_28' title="bbox 234 2270 1455 2324; baseline -0.002 -10"><span class='ocrx_word' id='word_1_178' title='bbox 234 2273 295 2316; x_wconf 90' lang='lat' dir='ltr'>nil</span> <span class='ocrx_word' id='word_1_179' title='bbox 319 2273 367 2313; x_wconf 84' lang='lat' dir='ltr'>de</span> <span class='ocrx_word' id='word_1_180' title='bbox 392 2285 472 2313; x_wconf 87' lang='lat' dir='ltr'>suo</span> <span class='ocrx_word' id='word_1_181' title='bbox 500 2273 648 2312; x_wconf 85' lang='lat' dir='ltr'>morbo</span> <span class='ocrx_word' id='word_1_182' title='bbox 667 2303 681 2323; x_wconf 78' lang='grc'><strong>,</strong></span> <span class='ocrx_word' id='word_1_183' title='bbox 706 2272 868 2324; x_wconf 83' lang='lat' dir='ltr'>quippe</span> <span class='ocrx_word' id='word_1_184' title='bbox 891 2283 935 2312; x_wconf 87' lang='lat' dir='ltr'>se</span> <span class='ocrx_word' id='word_1_185' title='bbox 964 2281 1125 2321; x_wconf 84' lang='lat' dir='ltr'>semper</span> <span class='ocrx_word' id='word_1_186' title='bbox 1151 2281 1273 2311; x_wconf 76' lang='lat' dir='ltr'>sanae</span> <span class='ocrx_word' id='word_1_187' title='bbox 1296 2270 1455 2319; x_wconf 66' lang='lat' dir='ltr'>mentis.</span> 
     </span>
     <span class='ocr_line' id='line_1_29' title="bbox 234 2347 1452 2399; baseline -0.002 -8"><span class='ocrx_word' id='word_1_188' title='bbox 234 2348 373 2392; x_wconf 78' lang='lat' dir='ltr'>fuisse</span> <span class='ocrx_word' id='word_1_189' title='bbox 407 2358 588 2399; x_wconf 80' lang='lat' dir='ltr'>putans:</span> <span class='ocrx_word' id='word_1_190' title='bbox 634 2358 837 2389; x_wconf 85' lang='lat' dir='ltr'>caeterum</span> <span class='ocrx_word' id='word_1_191' title='bbox 877 2347 966 2399; x_wconf 81' lang='lat' dir='ltr'>ipse</span> <span class='ocrx_word' id='word_1_192' title='bbox 1017 2357 1179 2387; x_wconf 87' lang='lat' dir='ltr'>omnem</span> <span class='ocrx_word' id='word_1_193' title='bbox 1217 2357 1452 2388; x_wconf 86' lang='lat' dir='ltr'>sermonem</span> 
     </span>
     <span class='ocr_line' id='line_1_30' title="bbox 245 2424 1451 2477; baseline -0.002 -10"><span class='ocrx_word' id='word_1_194' title='bbox 245 2437 492 2477; x_wconf 77' lang='lat' dir='ltr'>occupans,</span> <span class='ocrx_word' id='word_1_195' title='bbox 526 2438 573 2466; x_wconf 82' lang='lat' dir='ltr'>ex</span> <span class='ocrx_word' id='word_1_196' title='bbox 597 2425 679 2466; x_wconf 82' lang='lat' dir='ltr'>alio</span> <span class='ocrx_word' id='word_1_197' title='bbox 702 2425 814 2466; x_wconf 75' lang='lat' dir='ltr'>aliud</span> <span class='ocrx_word' id='word_1_198' title='bbox 842 2436 1105 2475; x_wconf 85' lang='lat' dir='ltr'>memorans,</span> <span class='ocrx_word' id='word_1_199' title='bbox 1138 2424 1239 2466; x_wconf 80' lang='lat' dir='ltr'>satis</span> <span class='ocrx_word' id='word_1_200' title='bbox 1270 2425 1451 2477; x_wconf 83' lang='lat' dir='ltr'>pruden-</span> 
     </span>
     <span class='ocr_line' id='line_1_31' title="bbox 243 2500 1454 2558; baseline -0.004 -14"><span class='ocrx_word' id='word_1_201' title='bbox 243 2510 305 2548; x_wconf 76' lang='lat' dir='ltr'>ter</span> <span class='ocrx_word' id='word_1_202' title='bbox 340 2501 566 2549; x_wconf 65' lang='lat' dir='ltr'>dissertbat</span> <span class='ocrx_word' id='word_1_203' title='bbox 582 2531 596 2556; x_wconf 92' lang='lat'><strong>,</strong></span> <span class='ocrx_word' id='word_1_204' title='bbox 613 2513 741 2553; x_wconf 82' lang='lat' dir='ltr'>unum</span> <span class='ocrx_word' id='word_1_205' title='bbox 769 2503 915 2555; x_wconf 74' lang='lat' dir='ltr'>saltem</span> <span class='ocrx_word' id='word_1_206' title='bbox 939 2501 1203 2545; x_wconf 78' lang='lat' dir='ltr'>alienationis</span> <span class='ocrx_word' id='word_1_207' title='bbox 1228 2500 1454 2558; x_wconf 81' lang='lat' dir='ltr'>vestigium</span> 
     </span>
    </p>

    <p class='ocr_par' dir='ltr' id='par_1_3' title="bbox 1380 2587 1463 2621">
     <span class='ocr_line' id='line_1_32' title="bbox 1380 2587 1463 2621; baseline -0.024 0"><span class='ocrx_word' id='word_1_208' title='bbox 1380 2587 1463 2621; x_wconf 72' lang='lat' dir='ltr'>Ser·</span> 
     </span>
    </p>
   </div>
  </div>
 </body>
</html>
