1693 3110
347 156 534 202 INDEX
563 155 912 213 UTRIUSQUE
944 156 1300 203 voLUMiNtS.
1425 175 1520 217 721,

209 291 427 334 superasse
474 281 657 323 videtur.
706 279 743 321 1.
793 292 874 336 239
924 292 992 335 sq.
1064 280 1280 331 Hellenica
1321 280 1519 327 inchoata.

209 353 433 403 reliquisse
462 352 642 394 videtur.
672 352 707 397 I.
741 365 839 407 240.

153 422 493 468 XENOPHON
536 421 780 464 sententiam
822 421 1009 465 Socratis
1037 425 1176 466 verius
1218 423 1390 466 Platone
1436 415 1519 465 tra-⁵

212 495 290 535 dit.
328 495 375 533 li.
415 506 494 547 19,
525 495 621 547 561.
681 504 770 546 ejus
809 494 894 535 duo
927 488 1229 540 tantum'sunt
1270 495 1392 545 loca,
1445 495 1522 543 ubi

211 562 402 604 Socrates
443 563 592 603 diserte
630 563 679 604 de
721 562 848 604 animi
891 563 1202 604 immortalitate
1242 567 1415 606 statuat.
1447 557 1519 606 'IL'

208 634 286 692 563
328 645 411 684 sqq
487 634 632 674 ultima
671 633 958 686 Cyropaediae
997 645 1093 684 pars
1120 664 1136 684 2
1172 635 1216 676 in
1254 647 1383 687 eaque
1413 634 1518 676 Ora·

219 705 282 745 tio
313 703 418 755 Cyri
452 704 684 746 morientis.
721 705 779 747 Il.
814 706 894 758 569
923 717 987 757 sq.

155 791 211 811 ιι-
305 796 360 807 -
461 797 513 808 -
561 775 670 828 Ejus
727 774 1021 817 Memorabilia
1069 773 1191 819 Socr.
1235 776 1285 818 ab
1338 776 1520 819 Ernesto

223 846 360 898 edita,
393 857 487 886 cum
521 843 763 887 Ruhnkenii
793 854 833 886 et
867 844 1128 889 Valckenarii
1156 844 1526 888 animadversioni-

215 916 314 960 bus.
349 916 385 957 ἶ.
418 918 500 971 569
530 927 598 966 sq.

159 1007 214 1017 —-
321 1006 378 1018 --
479 1007 533 1017 --
561 986 671 1028 laud.
713 986 749 1028 1.
788 997 870 1039 24,
908 985 991 1039 26,
1035 987 1121 1041 36,
1161 998 1248 1042 5ῑ,
1282 996 1380 1042 475.
1413 988 1532 1040 expl-¹

213 1066 253 1097 et
282 1058 440 1100 emend.
473 1056 508 1098 I.
543 1069 610 1111 39.

160 1128 531 1172 XIPHILINUS
577 1126 791 1170 Plutarchi
825 1126 1068 1169 sententiam
1112 1128 1161 1170 de
1199 1128 1301 1183 Julii
1332 1127 1523 1171 Caesaris

217 1210 317 1239 nece
346 1198 489 1240 refert.
523 1201 557 1240 Ι.
596 1196 689 1250 336.

159 1266 304 1311 Gur..
345 1279 660 1315 xYLANDRI
704 1264 841 1318 Opera
881 1266 925 1307 in
967 1266 1196 1308 Plutarcho
1226 1268 1443 1319 praestita.
1481 1267 1520 1310 I.

217 1339 292 1392 381
324 1351 419 1390 sqq.
465 1339 616 1380 Versio
638 1335 790 1386 Latina
813 1336 1040 1377 Moralium
1063 1337 1274 1380 Plutarch.
1310 1337 1412 1378 ibid.
1441 1338 1521 1390 381

215 1421 285 1459 sq.
327 1408 635 1449 Annotationes
673 1416 713 1448 et
746 1405 1074 1446 Emendationes
1111 1404 1154 1446 in
1189 1406 1395 1449 Plutarch.
1441 1410 1521 1460 382

218 1489 286 1528 sq.
318 1476 529 1518 Plutarchi
552 1475 767 1528 Moralia‚
796 1475 955 1517 Graece
981 1476 1105 1517 edita.
1130 1476 1209 1528 384
1240 1489 1340 1529 sqq.
1377 1490 1522 1530 mors,

214 1546 435 1597 doctrina,
466 1557 528 1587 res
561 1556 775 1599 angustae.
814 1547 893 1601 387
927 1558 994 1597 sq.
1048 1544 1338 1596 Interpretatio
1368 1557 1409 1588 et
1431 1548 1524 1589 No-

211 1626 275 1657 tae
326 1615 485 1658 additae
536 1617 649 1660 Edit.
700 1616 915 1659 Plutarch.
971 1614 1369 1661 Graeco-Latinis.
1423 1619 1521 1674 398.

214 1683 361 1727 Editio
392 1686 616 1740 singularis
646 1687 778 1729 libelli
808 1688 859 1728 de
886 1685 1096 1741 Legendis
1127 1687 1283 1729 Po'e'tis.
1313 1699 1410 1742 431.

811 1897 878 1954 Z.

162 2109 327 2154 ΖΕΝο
367 2123 696 2164 CITTIEUS,
728 2110 921 2152 Stoicus:
966 2108 1053 2164 eius
1099 2113 1303 2154 sententia
1343 2112 1393 2154 de
1432 2113 1520 2155 ani-z

222 2193 308 2221 mae
337 2193 446 2225 ortu.
480 2183 532 2225 Il.
558 2184 654 2225 621.

160 2251 319 2294 ZssNo
348 2265 620 2295 ELEATES
662 2251 824 2307 primus
855 2250 1042 2302 dialogos
1072 2250 1297 2305 scripsisse
1325 2251 1519 2303 perhibe·

216 2329 301 2361 tur.
331 2321 383 2365 II.
426 2322 496 2364 18.

157 2409 215 2427 --
270 2415 326 2426 —
379 2417 424 2429 -
478 2416 534 2425 --
590 2415 644 2423 -
674 2393 781 2447 Ejus
808 2400 849 2434 et
878 2402 1130 2436 MELISSI
1169 2392 1219 2432 de
1255 2391 1415 2432 Natura
1441 2391 1517 2433 Di-

216 2457 313 2502 vina
343 2462 560 2504 sententia.
592 2463 652 2506 11.
685 2464 779 2515 388.

156 2547 218 2563 ·-
270 2550 324 2565 -
376 2554 437 2570 —-
489 2551 542 2563 —-
594 2555 645 2567 -—
674 2535 776 2588 quid
803 2535 853 2575 de
882 2534 1018 2578 anima
1046 2532 1237 2578 senserit.
1268 2531 1322 2580 11.
1350 2543 1452 2588 545.

795 2605 872 2648 Zz
910 2618 940 2661 4
1372 2605 1516 2652 Zeus
