1693 3110
283 207 376 251 322-
659 185 1116 236 MEMORIA

288 318 504 371 quireret;
546 311 724 367 indeque
755 313 806 354 ad
839 312 1093 355 Dialecticae
1132 320 1352 366 praecepta
1389 314 1518 359 delae·

290 404 391 444 tus,
421 393 528 433 hanc
552 390 791 433 facultatem
829 390 963 444 magis
986 389 1106 432 etiam
1134 389 1426 445 confirmaret,
1457 400 1500 434 et

296 465 584 518 amplificaret.
644 465 836 507 Alterum
855 474 947 516 est,
980 463 1094 517 quod
1118 476 1204 507 non
1228 464 1398 518 ignarus
1425 467 1508 508 Hi-

294 541 449 584 storiae
465 541 845 595 Geographiaeque
871 541 925 584 ad
953 552 1032 583 nos
1054 540 1200 594 venit3
1233 552 1406 593 quarum
1427 542 1509 585 ini·

296 614 352 657 tia
370 615 414 658 in
435 616 682 670 vulgaribus
705 617 806 659 adeo
829 615 990 658 scholis
1014 615 1119 657 tradi
1141 616 1292 669 solita,
1324 617 1366 658 in
1389 628 1513 670 gym-

295 689 428 732 nasiis
451 699 588 732 tamen
605 720 618 743 ,
651 690 740 733 sive
765 688 931 732 Latinis
951 719 968 742 ,
1000 698 1048 731 ut
1077 700 1316 743 vocantur,
1345 690 1511 734 scholis

294 766 443 809 multis
486 767 662 810 nimium
710 768 973 820 nimiumque
1016 766 1307 821 negliguntur.
1389 766 1516 810 Unde

293 855 419 896 saepe
442 843 519 895 fit,
556 854 605 885 ut
636 844 734 886 hinc
770 842 976 896 discipuli
1005 842 1048 884 in
1084 842 1329 885 Academias
1358 842 1511 896 missi,

295 919 578 962 Academicos
611 919 807 961 doctores
840 917 1073 961 Historiam
1104 918 1304 960 docentes
1327 920 1394 961 vel
1422 930 1515 962 nont

300 993 503 1047 audiant,
534 995 600 1036 vel
633 995 848 1036 audientes
880 992 1069 1036 novitate
1102 992 1336 1045 argumenti
1359 991 1404 1034 in
1426 992 1515 1033 dis-

303 1068 542 1112 tribuendis
576 1069 783 1111 aetatibus
813 1078 854 1111 et
885 1067 1195 1121 distinguendis
1219 1067 1340 1110 annis
1359 1080 1403 1108 se
1427 1066 1517 1120 ipsi

304 1142 561 1198 impediant,
592 1145 772 1194 denique
803 1143 887 1186 hoc
914 1143 1135 1194 studium,
1166 1154 1297 1185 unum
1322 1146 1517 1186 omnium

303 1218 551 1263 facillimum
586 1232 632 1262 ac
661 1220 1051 1274 jucundissimum,
1093 1229 1308 1272 tamquam
1349 1220 1520 1262 difficile

301 1308 349 1339 ac
371 1297 594 1337 molestum
621 1295 826 1337 deserant.
869 1295 926 1336 At
949 1295 1302 1347 WVassenaerius,
1333 1296 1408 1348 qui
1428 1297 1516 1350 jam·

301 1383 422 1415 antea
457 1371 670 1415 Historiae
705 1372 955 1414 suavitatem
1004 1372 1317 1426 utilitatemque
1352 1386 1519 1427 praece*

304 1449 440 1502 pisset
501 1457 669 1490 nostras
689 1449 739 1490 de
761 1450 808 1489 ea
834 1448 1006 1489 scholas
1030 1459 1080 1489 eo
1106 1449 1239 1501 magis
1270 1458 1458 1501 expetere
1476 1458 1519 1491 et

304 1524 492 1565 adamare
515 1521 685 1575 coepitg
717 1522 897 1573 indeque
919 1521 1138 1574 profectus
1162 1523 1212 1564 ad
1232 1524 1332 1564 alias
1360 1522 1511 1565 Histo-

305 1599 389 1641 riae
418 1609 592 1652 partes,
612 1597 744 1639 veluti
775 1595 1039 1651 Literarum,
1074 1596 1398 1650 Philosophiae,
1430 1599 1520 1641 Do·-

305 1676 532 1719 ctrinarum
551 1705 566 1727 ,
606 1675 683 1717 hac
719 1676 847 1726 luce,
891 1685 996 1725 quae
1027 1673 1120 1715 aliis
1144 1683 1284 1715 essent
1310 1674 1515 1727 obscura,

305 1752 391 1796 sibi
424 1753 532 1794 clara
561 1760 601 1793 et
635 1751 858 1804 perspicua
902 1749 1103 1802 reddidit3
1149 1762 1280 1803 quum
1314 1763 1526 1803 quamque

308 1842 394 1872 rem
412 1860 427 1882 ,
461 1829 551 1871 sive
571 1830 827 1881 populorum
850 1826 1177 1879 conversiones,
1205 1827 1342 1878 bella,
1372 1838 1523 1880 pacta,

318 1907 410 1950 sive
442 1906 580 1958 leges,
617 1904 1023 1955 Senatusconsulta,
1053 1902 1409 1954 constitutiones,
1434 1903 1526 1945 sive

317 1988 475 2040 scripta
511 1995 551 2027 et
584 1985 739 2039 placita
777 1985 999 2026 doctorum
1023 2013 1038 2036 ,
1079 1985 1130 2026 ad
1165 1996 1288 2026 suum
1325 1992 1525 2036 tempus,

320 2063 495 2114 locum,
528 2071 774 2113 auctorem,
814 2059 964 2101 reserre
998 2068 1160 2106 nosset.
1222 2059 1300 2102 Vel
1332 2058 1526 2102 extremis

318 2135 388 2178 his
420 2137 548 2189 paulo
585 2145 679 2178 ante
712 2135 876 2178 obitum
912 2134 1162 2188 mensibus,
1193 2146 1320 2187 quum
1345 2136 1394 2176 ad
1420 2135 1529 2176 inte·

327 2215 478 2256 riorem
502 2212 714 2255 scientiam
735 2211 849 2266 Juris
879 2209 1096 2262 Francici,
1137 2209 1529 2262 patrimoniumque

321 2306 447 2340 suum
472 2292 668 2334 tuendum
695 2291 899 2344 pertinere
920 2289 1149 2343 judicaret,
1182 2289 1366 2331 Francici
1391 2288 1529 2342 Regni

324 2369 543 2414 historiam
559 2398 574 2419 ,
602 2368 725 2421 cuius
747 2366 909 2412 brevem
932 2364 1141 2416 epitomen
1161 2364 1319 2407 nostris
1341 2365 1382 2406 in
1403 2364 1528 2406 scho-

326 2446 380 2490 lis
403 2443 708 2499 praecepisset,
739 2441 979 2494 ampliorem
1005 2439 1320 2493 uberioremque
1344 2439 1530 2492 percipe-

332 2533 403 2575 τες
433 2520 476 2563 id
498 2518 650 2572 exiguo
675 2528 861 2571 ternpore
885 2525 1140 2558 consecutus
1163 2526 1255 2568 est3
1276 2515 1390 2568 quod
1403 2513 1433 2556 F
1439 2524 1531 2553 ran-

1469 2598 1531 2627 ci-
