1693 3110
261 174 348 218 '170
626 159 1124 208 EPISTOLA

258 285 400 328 meriis
439 281 619 324 tenebris
653 290 692 322 et
730 281 885 323 boreali
915 282 1045 337 glacie
1077 294 1351 341 concretum,
1382 303 1482 343 pro-

255 366 437 407 tulerat:
473 361 596 413 quasi
625 363 714 415 eJ‘us
750 362 960 416 ingenium
987 363 1073 406 isto
1100 366 1258 408 semine
1291 369 1480 413 inflasset

256 442 408 484 Boreas
454 439 526 480 ille
571 438 710 480 dictus
751 451 879 492 equas
920 441 1057 483 afflatu
1108 440 1344 487 fecundare.
1415 448 1480 489 Ac

253 516 401 570 prouti
428 515 549 558 Ixion
573 526 712 557 amore
729 515 943 570 Junonis‚
976 518 1139 572 reginae
1168 524 1376 571 Deorum,
1407 532 1476 563 ca-

252 601 382 647 ptus,
415 591 465 633 ab
494 592 627 642 eaque
650 591 796 633 elusus
822 593 987 647 objecta
1016 594 1127 636 nube
1152 594 1287 648 ipsius
1312 598 1408 639 deae
1431 598 1479 642 in

254 669 473 722 imaginem
500 665 768 710 conformata
784 699 799 719 ‚
817 680 911 709 cum
935 671 983 711 ea
1010 681 1267 722 congressus
1292 673 1479 715 Centau·

256 755 329 785 ros
356 742 500 797 genuit
521 773 536 794 ‚
570 751 724 784 cuncta
750 743 1054 785 transsilientes
1082 753 1122 785 et
1149 734 1391 788 Thessaliae
1415 760 1481 790 se..

261 830 393 875 getem
431 818 761 860 conculcantes:
797 819 857 860 sic
881 809 1059 860 Kantius
1085 819 1351 862 scientiarum
1376 822 1483 876 regi-

259 909 354 940 nam
377 895 595 946 deperiens
615 893 950 946 Metaphysicam
964 925 978 946 ‚
999 896 1049 936 ab
1073 908 1118 937 ea
1139 897 1339 949 deceptus
1363 897 1483 942 Cim-

256 971 387 1013 meria
402 969 609 1023 caligine,
630 981 715 1010 eam
731 968 868 1010 iniens
884 1000 897 1020 ‚
914 981 1047 1021 genus
1074 970 1273 1012 scientiae
1292 985 1483 1024 procrea-

256 1049 319 1091 vit
359 1046 694 1096 Centauricum‚
734 1044 1127 1091 transscendentale
1158 1048 1479 1102 appellitatum,

257 1124 486 1175 sepimenta
520 1121 677 1174 prioris
702 1120 1002 1172 Philosophiae
1030 1121 1291 1165 transsiliens
1310 1153 1324 1173 ‚
1351 1123 1483 1166 vireta

256 1203 532 1253 fructumque
561 1211 747 1242 vastans,
795 1199 911 1241 Pater
935 1211 1060 1241 suum
1077 1198 1236 1240 foetum
1259 1200 1301 1240 in
1323 1199 1478 1240 librum

256 1280 508 1329 includens,
540 1289 609 1329 et,
650 1282 866 1328 tamquam
901 1275 1114 1317 Pandorac
1147 1274 1338 1326 dolium,
1382 1287 1480 1327 pro-

256 1368 420 1409 ponens
439 1387 453 1406 .‚
488 1367 574 1397 non
599 1353 850 1405 dubitabat,
884 1354 924 1394 id
950 1364 1023 1393 sua
1049 1352 1189 1404 ipsum
1226 1352 1480 1393 admirabili-

254 1441 341 1472 tate
387 1430 782 1482 philosophantium
825 1440 864 1470 et
902 1438 1059 1470 mentes
1095 1429 1137 1470 in
1171 1441 1216 1470 se
1248 1441 1482 1471 conversu-

256 1524 376 1561 rum,
409 1521 449 1552 et
477 1511 614 1551 studia
653 1509 733 1550 sibi
761 1509 1104 1552 conciliaturum.
1168 1511 1288 1551 Avus
1325 1508 1479 1553 Boreas

255 1592 474 1644 adspirans
509 1589 700 1642 coeptis,
734 1589 893 1630 dolium
922 1588 1127 1638 sustulit,
1163 1587 1360 1629 adversus
1398 1589 1479 1630 Ze.

255 1669 439 1722 phyrum
477 1666 784 1718 conflicturus;
829 1663 866 1706 si
906 1664 1016 1706 forte
1058 1664 1269 1704 beatarum
1308 1664 1388 1705 sub
1427 1677 1478 1708 eo

257 1745 433 1787 sitarum
469 1743 687 1796 regionum
725 1751 908 1794 teporem
943 1741 1170 1791 floremque
1205 1739 1409 1782 arefacere
1439 1751 1482 1785 et

254 1819 433 1874 glaciai‘e
461 1827 632 1869 posset:
666 1825 705 1858 et
741 1829 867 1869 supra
903 1815 1168 1857 Germaniam
1209 1816 1475 1858 transvolans

255 1894 300 1936 in
320 1892 541 1935 Saxoniam
564 1891 726 1933 dolium
753 1890 918 1946 dejecit.
977 1889 1108 1945 Quod
1133 1889 1190 1930 ibi
1215 1890 1382 1941 aliquot
1403 1902 1477 1932 an·

255 1982 336 2012 nos
375 1970 611 2022 neglectum
633 1967 779 2020 jacuit.
839 1964 1193 2017 Pliilosophantcs
1217 1976 1328 2006 unus
1356 1974 1394 2006 et
1419 1966 1479 2006 al-

257 2055 320 2087 ter
343 2047 571 2096 accedunt,
604 2043 736 2096 patris
760 2043 956 2093 nomine,
981 2051 1019 2082 et
1040 2039 1314 2094 praefationis
1330 2071 1343 2091 ‚
1375 2050 1480 2081 tam-

258 2134 381 2174 quam
420 2121 636 2173 operculi,
668 2119 898 2160 festivitate
932 2117 1124 2159 invitati:
1165 2117 1324 2157 tollunt
1360 2128 1482 2169 oper·

254 2201 430 2249 culum,
461 2199 621 2240 dolium
648 2197 824 2238 interius
853 2195 1115 2248 inspiciunt,
1142 2193 1284 2234 vident
1305 2193 1476 2245 plenum

259 2276 431 2320 materia
458 2275 595 2328 piceae
626 2273 855 2327 nigredinis
889 2282 927 2313 et
953 2269 1091 2324 gravis
1128 2267 1290 2310 odoris.
1350 2267 1477 2309 Vete-

256 2354 347 2398 rani
384 2352 633 2403 operculum
674 2362 821 2391 rursus
862 2350 1114 2400 imponunt:
1159 2353 1329 2387 monent
1356 2344 1481 2386 novi·

248 2432 348 2474 ›tios
383 2430 479 2470 item
524 2427 683 2478 facereg,
718 2440 768 2468 ne
802 2425 968 2467 materia
995 2424 1138 2466 colore
1164 2423 1272 2465 aeris
1305 2421 1476 2464 efferve-

262 2519 386 2552 scens
402 2536 418 2560 ‚
448 2506 494 2549 in
518 2515 664 2549 eorum
688 2504 825 2558 capita
849 2508 1057 2556 erumpat.
1117 2500 1236 2544 Pater
1254 2499 1477 2553 ingloriam

1407 2573 1489 2619 do!
