1693 3110
238 183 328 241 692
450 178 638 230 JNDEX
663 176 1016 238 tii-musone
1044 178 1400 229 vomituum.-

833 374 881 432 I.
964 375 1001 432 J
1004 389 1024 428 s

240 530 611 585 JABLONsKn
647 516 886 577 Opuscula.
919 520 955 566 Ι.
987 536 1086 579 703.

241 601 510 654 JAEGERI
551 594 695 637 obitus
728 603 767 635 et
799 595 1010 637 memoria.
1043 598 1098 639 II.
1131 607 1229 651 214.-

237 672 509 727 JAMBLIC
530 679 591 709 HI
622 667 743 707 locus
775 666 824 706 de
852 664 959 707 Deo.
993 669 1053 708 lI.
1085 678 1182 720 431.

238 764 340 778 -.
379 766 466 778 -.
501 764 585 774 -
614 738 819 780 laudatur.
852 737 889 779 Ι.
923 738 1000 788 18,
1031 750 1108 790 33,
1142 749 1219 790 37,
1249 747 1318 791 52.

237 813 481 858 DONATI
525 820 842 866 JANNOTII,
883 806 974 847 sive
1013 816 1347 861 jANNOCTII
1395 805 1609 851 Collectio·

301 885 507 927 variarum
533 879 787 922 Lectionum
813 886 852 918 et
876 877 1233 922 Emendationum
1255 879 1299 921 in
1320 878 1607 925 Plutarchum.

292 958 329 1000 Ι·
365 957 506 1011 367-
527 964 637 1007 3723
667 951 777 1004 289,
810 961 890 1002 302
920 962 988 1001 sq·

236 1027 404 1074 Ἰδόντες
435 1034 476 1065 et
503 1023 665 1071 εἰδότες.
696 1017 814 1062 conf.
847 1015 884 1061 I.
915 1031 983 1073 40.

233 1095 450 1152 Ἵδρυσθοιι.
483 1095 513 1137 Ι.
548 1107 617 1147 33.

235 1170 338 1222 Ἰερέι
367 1169 431 1211 καὶ
462 1167 568 1210 ὅσιοι.
600 1164 633 1206 Ι.
669 1165 738 1218 38-r

236 1238 397 1283 Imitari
429 1238 661 1288 antiquos,
701 1233 802 1286 quid
841 1233 931 1285 sit,
973 1233 1142 1277 Philisti
1176 1236 1365 1289 exemplo
1403 1233 1600 1279 discitum

293 1312 330 1352 Ι.
368 1315 462 1362 150.

238 1373 392 1429 Index,
425 1387 497 1418 seu
523 1375 644 1425 πίναξ
661 1402 676 1423 ‚
707 1373 933 1414 Moralium
958 1373 1172 1416 Plutarch.
1199 1377 1376 1418 Aldinae
1397 1379 1475 1421 Ed.
1498 1391 1609 1431 prae«

295 1448 441 1498 fixus,
472 1445 616 1487 ordine
650 1443 842 1485 diversus
868 1457 890 1486 a
923 1445 1124 1497 Stephani
1150 1446 1308 1488 Indice.
1339 1448 1376 1487 Ι.
1411 1459 1506 1500 353.
1545 1453 1612 1489 ln-

297 1520 438 1562 dicum
474 1526 598 1559 vetus
630 1516 913 1556 consuetudo.
955 1513 991 1556 I.
1023 1526 1119 1567 303.
1178 1513 1341 1556 Indices
1375 1515 1529 1558 Rerum
1569 1527 1612 1560 et

293 1589 548 1638 hominum5
588 1586 862 1636 Auctorum‚
903 1593 942 1626 et
975 1584 1182 1625 variarum
1227 1584 1510 1640 Lectionum,
1566 1589 1609 1631 in

295 1660 543 1716 vulgaribus
590 1655 805 1699 Plutarchi
842 1653 1127 1706 editionibus,
1169 1657 1425 1708 negligenter
1465 1658 1610 1701 conse.

293 1733 372 1777 cti.
406 1733 443 1774 Ι.
476 1730 584 1783 283,
626 1740 727 1785 293.
777 1728 938 1770 Eorum
986 1725 1340 1768 conficiendorum
1375 1728 1535 1769 utilitas
1572 1737 1611 1770 et

291 1801 499 1848 molestia.
529 1794 566 1844 Ι.
597 1803 673 1854 283
702 1811 770 1852 sq.

239 1873 563 1930 Interpretatio.,
609 1872 714 1924 quid
753 1871 823 1915 sit.
857 1875 893 1915 Ῐ.
925 1885 1024 1928 437.
1057 1872 1146 1927 ejus
1179 1882 1355 1924 genera,
1396 1868 1612 1914 Gramma..

297 1951 428 1992 ticum
453 1954 494 1986 et
517 1943 757 1995 Crificum,
788 1953 1035 1996 perpetuum
1064 1953 1103 1984 et
1129 1942 1353 1995 singulare.
1390 1941 1491 1984 ibid.
1526 1955 1605 1998 437

293 2029 360 2071 sq.
394 2016 590 2067 materia,
619 2027 687 2056 res
710 2023 750 2056 et
776 2015 919 2060 verba.
950 2015 1054 2057 ibid.
1086 2028 1183 2070 439.
1218 2013 1314 2054 finis
1349 2025 1394 2053 a'c
1435 2015 1606 2058 modus.

292 2091 399 2135 ibid.
430 2102 527 2145 441.
571 2087 805 2130 cautiones.
838 2088 941 2132 ibid.
973 2099 1075 2143 442.
1102 2085 1330 2128 neccssaria
1366 2086 1602 2137 perspicui-

295 2175 377 2206 tas.
419 2161 522 2203 ibid.
565 2170 664 2214 443.
706 2158 870 2200 facilior
908 2157 1014 2199 ratio
1063 2166 1183 2208 quam
1228 2167 1346 2199 usus.
1389 2155 1493 2198 ibid.
1522 2169 1604 2213 444

298 2247 400 2287 sqq.
440 2243 518 2288 451
554 2242 653 2281 sqq.
699 2228 808 2270 sitne
843 2228 885 2270 in
920 2226 1158 2278 interpretis
1197 2234 1404 2278 potestate
1437 2227 1603 2279 posita,

310 2319 367 2349 an·
392 2312 503 2346 extra
533 2313 619 2342 eam
655 2300 698 2341 in
735 2299 907 2340 fortuna
947 2297 1043 2339 sita.
1075 2297 1108 2338 1.
1141 2308 1222 2352 445
1251 2309 1351 2349 sqq.

237 2399 347 2420 ...-
369 2399 468 2409 --
490 2396 572 2406 --
600 2372 836 2412 Auctorum
892 2366 1090 2408 Veterum
1146 2366 1327 2408 difficilis
1354 2399 1369 2420 ‚
1430 2369 1608 2422 ejusque

306 2442 562 2491 difficultatis
598 2453 769 2482 caussae
801 2449 841 2480 et
870 2437 1110 2491 expediendi
1143 2438 1247 2478 ratio
1272 2441 1308 2480 Ι.
1338 2452 1419 2493 539
1448 2453 1546 2491 squ.

239 2543 347 2557 ...—
367 2541 453 2553 --
474 2537 579 2547 --
612 2511 853 2564 Interpretis
887 2510 987 2551 boni
1026 2508 1187 2559 officia,
1217 2508 1429 2550 doctrinae
1448 2509 1603 2561 copies,

299 2599 408 2632 caet.
445 2590 484 2632 Ι.
515 2597 592 2641 277
625 2597 695 2637 sq.
727 2583 778 2626 ad
803 2582 923 2636 ejus,
952 2591 1074 2633 quem
1101 2579 1425 2634 interpretatur,
1453 2579 1607 2622 diuini-

1541 2657 1607 2688 ta-
