1693 3110
117 271 209 320 sect.
230 287 271 321 V.

117 330 226 365 Plato.

122 1891 200 1931 Arg.
220 1889 245 1918 V
250 1888 275 1922 Ι.

289 148 462 219 536-
591 154 1197 204 DISPUTATIO

289 280 494 336 simplicis
512 288 551 321 et
571 279 846 323 immutabilis
866 289 1034 323 naturae
1054 282 1353 335 consequitur:
1375 282 1490 331 Cor-

286 372 368 415 pus
394 369 481 400 non
502 356 586 398 nisi
608 357 814 400 fluxarum
840 366 880 399 et
904 358 1167 401 mutabilium
1190 371 1324 401 rerum
1345 364 1490 406 notio-

285 449 358 481 nes
384 432 537 475 haurit.
584 432 766 475 Animus
794 445 939 485 puram
967 434 1252 487 sinceramque
1270 435 1486 481 veritatem

284 520 374 553 tum
409 510 585 554 maxime
619 510 888 562 assequitur,
925 522 1055 562 quum
1093 523 1139 554 se
1174 511 1347 553 maxime
1369 510 1414 553 in
1443 521 1489 553 se

283 585 503 638 collegerit
524 596 563 626 et
589 597 610 625 a
635 584 827 638 Corpore
849 585 1111 638 avocaverit3
1138 595 1262 637 atque
1283 587 1337 627 ita
1358 586 1401 627 in
1423 584 1491 628 sui

287 662 465 706 similem
493 671 683 703 naturam
711 662 935 713 concedit,
966 675 1012 704 ac
1043 663 1232 715 pascitur
1252 663 1362 704 certa
1383 661 1492 703 veri·

285 739 386 782 tatis
428 737 802 788 contemplatione.
864 737 1047 777 Animus
1078 738 1276 789 impetat,
1319 736 1493 788 Corpus

287 813 454 858 obedit:
486 813 568 854 hoc
605 812 747 863 servi,
778 812 846 853 ille
884 811 1072 862 domini,
1104 820 1241 862 partes
1278 819 1416 861 tenet3
1449 816 1498 850 ut

286 891 386 933 hinc
409 889 529 932 etiam
553 887 732 941 intelligi
754 888 920 940 possit,
954 899 1057 939 quae
1083 886 1138 927 sit
1156 886 1342 928 diviniorv
1358 882 1495 925 homi·-

286 968 355 1010 nis
379 978 506 1020 pars,
526 965 763 1006 Auimusne
789 976 841 1007 an
863 964 1050 1015 Corpus.
1107 961 1244 1013 Atqui
1272 960 1497 1003 contraria·

287 1055 379 1084 rum
407 1053 540 1083 rerum
569 1040 775 1082 contraria
801 1049 903 1081 sunt
927 1038 1153 1089 attributa3
1186 1036 1326 1088 itaque
1348 1048 1498 1078 conso-

289 1118 463 1170 quitur,
495 1117 693 1158 Animum
736 1126 827 1155 esse
859 1113 1228 1165 indissolubilem,
1259 1112 1294 1153 si
1329 1113 1496 1165 quidem

288 1194 463 1246 Corpus
505 1191 758 1232 dissolubile
788 1199 870 1234 est.
929 1190 1075 1243 Ergo,
1106 1197 1155 1229 ut
1183 1198 1283 1241 post
1319 1198 1494 1229 mortem

286 1280 428 1324 partes
448 1266 657 1318 Corporis
684 1265 1001 1313 dissolvuntur,
1021 1264 1077 1304 ita
1099 1263 1278 1304 Animus
1301 1262 1501 1304 subsistit

289 1355 416 1397 atque
443 1345 483 1384 in
508 1353 661 1394 purum
697 1349 736 1380 et
771 1339 1023 1380 invisibilem
1051 1340 1188 1380 locum
1215 1337 1331 1389 abit,
1360 1339 1411 1378 ad
1434 1350 1501 1379 sa-

289 1423 471 1475 pientem
507 1418 675 1459 Deum:
713 1416 765 1456 ad
805 1425 923 1465 quem
963 1415 1019 1454 ita
1056 1414 1237 1465 quisque
1267 1414 1418 1454 certius
1441 1413 1502 1454 ci-

291 1498 464 1547 tiusque
490 1491 702 1546 perveniet
719 1522 734 1542 ,
766 1499 813 1531 ut
838 1502 883 1532 se
907 1490 948 1531 in
974 1490 1052 1531 hac
1091 1490 1180 1531 vita
1213 1489 1389 1531 maxime
1420 1502 1498 1543 pu·

292 1586 383 1616 rum
401 1580 647 1620 castumque
662 1568 884 1609 servaverit
907 1579 929 1607 a
952 1565 1157 1618 Corporis
1181 1565 1494 1619 voluptatibus.

294 1650 381 1705 Qui
402 1660 501 1689 vero
533 1646 576 1686 in
603 1645 681 1686 hnc
712 1642 800 1686 vital
836 1641 1017 1694 Corpori
1057 1640 1288 1682 servierunt
1320 1642 1495 1695 eJ‘usque

295 1724 550 1776 contagione
573 1721 709 1762 affecti
731 1730 862 1770 sunt,
886 1717 929 1758 hi
955 1726 1055 1769 post
1080 1726 1253 1759 mortem
1277 1717 1356 1759 alia
1377 1729 1502 1770 quae-

296 1811 396 1842 runt
420 1799 610 1850 Corpora
639 1795 681 1837 in
716 1794 875 1847 quibus
896 1793 1032 1835 denuo
1050 1793 1328 1836 nascantur.”

356 1906 395 1928 „
423 1873 553 1928 Quod
588 1872 622 1913 si
648 1884 748 1913 vero
773 1871 870 1924 quis
895 1872 1002 1911 lianc
1025 1869 1264 1922 opinionem
1292 1869 1396 1910 tueri
1427 1881 1501 1910 ve·

300 1954 379 2004 lit,
415 1952 616 1992 Animum
654 1961 734 1989 esse
770 1947 1067 1996 harmoniam,
1101 1955 1140 1986 et
1173 1945 1385 1997 cogitandi
1418 1945 1503 1986 vim

300 2041 391 2072 esse
431 2025 638 2078 Corporis
672 2024 943 2076 qualitatem,
986 2032 1091 2072 quae
1125 2019 1279 2060 oriatur
1311 2031 1360 2060 ex
1384 2021 1506 2074 justo

300 2110 622 2156 temperamento
654 2098 842 2139 humoris
868 2107 907 2138 et
934 2094 1167 2146 siccitatis,
1198 2093 1350 2136 caloris
1374 2104 1413 2136 et
1433 2095 1506 2137 fri-

302 2182 443 2236 goris3
476 2176 574 2218 huic
617 2175 674 2216 ita
714 2173 949 2215 occurritur
988 2172 1069 2225 (p.
1095 2171 1421 2225 :wo—392),
1462 2178 1511 2216 ut

303 2257 578 2303 ostendatur,
615 2250 690 2292 tali
733 2258 1052 2303 temperamento
1085 2255 1302 2289 sanitatem
1338 2246 1507 2299 quidem

303 2328 512 2381 Corporis
549 2326 690 2376 effici3
748 2324 950 2378 cogitatio
985 2330 1118 2365 autem
1159 2323 1372 2373 quomodo
1409 2322 1507 2364 hinc

305 2409 536 2457 efficiatur,
567 2403 746 2457 intelligi
772 2415 857 2445 non
883 2413 1021 2455 posse.
1064 2399 1313 2453 Repugnare
1339 2411 1509 2452 quoque

306 2483 522 2531 communi
547 2480 840 2536 experientiae,
871 2476 1175 2532 cogitationem
1203 2475 1433 2520 consistere
1464 2474 1509 2516 in

1453 2559 1515 2593 ta-
