1693 3110
435 195 1095 264 PARENTALtii.
1289 224 1379 281 '339

150 340 237 386 bus
259 339 435 395 Lipsia,
455 341 644 395 Dresda,
676 340 903 394 Berolino,
928 342 1180 401 Hamburgo
1196 373 1211 396 ,
1242 345 1368 399 aliis,

151 431 338 464 mensem
363 421 475 474 apud
494 430 574 462 nos
612 419 919 463 Amstelodami
947 419 1061 465 fuit:
1095 409 1186 465 tiim
1210 424 1367 477 pleras-

149 510 238 551 que
262 497 361 539 alias
387 497 513 538 urbes
536 495 717 539 Batavas
744 496 920 550 obiens,
952 510 1082 551 porro
1107 498 1149 542 in
1174 499 1366 555 Belgium

152 578 366 631 trajiciens
391 606 406 628 ,
459 574 671 617 Lutetiam
711 575 968 618 Parisiorum
1012 578 1170 620 venit:
1224 578 1371 632 ibique

154 651 442 705 complurium
488 653 822 695 commoratione
864 654 1074 696 mensium
1113 652 1224 698 facta
1251 687 1266 709 ,
1318 654 1373 699 ad

152 741 259 773 suos
282 731 420 772 rediit.
481 731 626 783 Atque
652 731 852 772 omnibus
887 730 972 774 illis
1008 731 1053 774 in
1085 733 1206 775 terris
1239 735 1369 776 locis-

156 818 242 859 que
272 817 401 861 quum
440 805 660 860 diligenter
695 806 995 860 observasset,
1029 820 1135 861 quae
1160 809 1212 851 ad
1245 823 1370 856 suum

154 883 346 925 discendi
385 881 611 925 consilium
658 881 938 936 pertinerent,
983 895 1262 938 magnamque
1292 887 1378 928 uti.

157 955 260 1000 lium
295 971 428 1001 rerum
467 958 755 1012 cognitionem
797 960 1070 1014 collegisset,
1102 962 1208 1004 hanc
1237 962 1378 1005 conti-

155 1045 246 1078 nuo
268 1035 322 1077 ati
342 1047 468 1077 usum
497 1036 791 1089 actionemque
807 1070 822 1090 ‚
857 1037 1097 1090 patriaeque
1118 1039 1378 1081 emolumen-

157 1121 281 1166 tum,
311 1122 556 1155 convertere
589 1113 747 1166 coepit.
809 1114 957 1167 Itaque
983 1126 1116 1167 porro
1147 1126 1191 1156 se
1213 1114 1265 1157 ad
1286 1128 1378 1158 om-

159 1199 237 1234 nes
273 1187 552 1243 Reipublicae
600 1198 739 1243 partes
785 1190 1101 1244 perspiciendas
1138 1191 1381 1244 applicuit,

153 1281 230 1312 eas
256 1268 462 1321 maxime,
486 1279 592 1322 quae
612 1269 662 1310 ad
682 1269 904 1321 vectigalia
931 1278 972 1310 et
994 1278 1162 1312 sumtus
1178 1301 1193 1322 ,
1216 1282 1383 1313 eorum·

162 1359 247 1400 que
266 1345 446 1389 invicem
470 1345 919 1388 accommodandorum
946 1346 1147 1389 rationem
1168 1378 1183 1400 ,
1218 1356 1386 1400 specta·

160 1433 280 1467 rentt
318 1433 569 1478 proventum
600 1422 835 1475 frumenti,
879 1423 1077 1476 pecoris,
1125 1424 1243 1477 vini,
1280 1426 1384 1467 mel·

163 1500 253 1553 lis,
285 1501 395 1552 olei,
426 1496 598 1543 aliarum
642 1511 777 1542 rerum
811 1509 852 1541 et
883 1497 1184 1551 opificiorum:
1228 1511 1386 1541 merca·

153 1580 299 1617 ‘tutam
319 1605 334 1627 ,
365 1576 697 1628 exportationem
715 1605 730 1625 ‚
757 1584 797 1615 et
823 1575 1131 1616 invectionem:
1173 1574 1386 1629 decimas,

164 1651 353 1702 tributa,
388 1650 599 1703 portoria:
634 1647 712 1691 alia
746 1650 874 1702 hujus
913 1650 1074 1702 generis
1102 1649 1387 1692 innumerabi-

166 1725 241 1769 lia.
302 1726 400 1767 Huc
429 1726 473 1768 in
500 1725 648 1780 primis
673 1723 875 1767 referebat
904 1726 1091 1766 omniurn
1120 1725 1391 1779 opificiorurn

165 1815 304 1857 arteS,
347 1816 453 1856 quas
493 1803 717 1856 diligenter
753 1802 797 1843 in
838 1801 1188 1844 Beckmannianis
1225 1803 1391 1846 scholis

165 1890 452 1935 cognoverat:
485 1892 614 1932 eaque
649 1881 699 1921 de
729 1891 854 1920 causa
880 1878 1080 1930 frequens
1109 1877 1295 1921 officinas
1329 1891 1390 1920 ar-

165 1955 330 1999 tificum
353 1956 687 2010 ingrediebatur,
710 1961 806 1996 cum
832 1966 1004 2007 quoque
1029 1956 1079 1995 de
1102 1967 1175 1996 sua
1196 1965 1280 1997 arte
1304 1955 1389 1996 dis-

171 2032 362 2087 serebat,
395 2033 431 2074 si
455 2032 558 2085 quid
588 2031 700 2074 forte
721 2033 821 2074 novi
833 2032 890 2072 *ab
917 2044 966 2072 eo
986 2033 1171 2084 discere,
1202 2041 1272 2074 aut
1293 2044 1393 2075 eum

172 2107 349 2161 docere,
382 2118 545 2162 posset.
605 2108 670 2150 lbi
702 2120 789 2149 tum
829 2120 951 2162 saepe
983 2110 1226 2163 accidebat,
1256 2119 1305 2151 ut
1330 2122 1397 2152 ar·

170 2184 278 2226 tifex
301 2183 529 2238 fateretur,
562 2197 637 2238 se,
660 2185 892 2238 quominus
936 2196 1060 2227 artem
1090 2199 1205 2228 suam
1241 2185 1397 2230 melius

170 2261 292 2303 etiam
320 2271 540 2315 tractaret,
571 2272 621 2304 ex
647 2275 689 2304 re
711 2261 906 2304 familiari
934 2262 1149 2315 laborare,
1180 2272 1221 2305 et
1255 2264 1394 2307 alieno

173 2334 368 2379 subsidio
396 2349 530 2390 egere.
587 2337 718 2394 Quod
757 2337 829 2379 W.
861 2351 1091 2392 numquam
1114 2340 1254 2383 surdis
1279 2340 1396 2382 auri-

175 2410 259 2452 bus
286 2412 457 2454 audiens
475 2443 490 2464 ,
521 2414 775 2458 laborantem
806 2426 971 2466 semper
995 2414 1207 2468 consilio,
1238 2427 1391 2468 opera,

174 2499 250 2540 re,
275 2489 402 2543 juvit.
445 2488 569 2532 Unde
591 2492 790 2543 paulatim
817 2491 977 2533 factum
1007 2500 1070 2533 est
1094 2521 1111 2543 ,
1141 2501 1188 2532 ut
1217 2491 1394 2533 aliorum

176 2562 301 2608 etiam
315 2565 560 2620 hominurn,
575 2562 665 2612 nisi
682 2579 751 2621 re,
770 2566 953 2610 consilio
971 2575 1107 2610 tamen
1121 2574 1161 2608 et
1175 2577 1324 2619 opera,
1345 2562 1397 2604 ab

856 2643 949 2690 ΥΩ.
1344 2653 1399 2688 eo
