1693 3110
326 154 431 204 DE
498 151 940 202 UNITATE
1009 155 1182 202 DEI.
1280 170 1371 228 419

141 284 190 342 'to
222 279 315 334 ipse
345 280 557 328 doctrinae
590 293 738 325 caussa
770 280 814 323 in
846 282 1095 336 Aegyptum
1136 279 1363 335 profectus

138 364 240 399 erat.
278 354 337 396 Et
360 352 611 396 Aristoteles
627 383 642 405 ,
674 367 720 394 ut
745 366 829 398 erat
859 356 902 398 in
924 358 1039 399 omni
1062 357 1238 399 historia
1261 368 1355 398 ver-

137 430 382 489 satissimus
419 440 544 482 atque
570 429 920 486 curiosissimus,
951 445 1047 475 cum
1082 434 1220 486 ipsum
1256 433 1358 475 Ale-

139 508 342 550 xandrum
367 507 573 559 habebat,
605 517 693 549 tum
722 508 827 550 alios
861 509 953 562 ejus
977 510 1259 563 expeditionis
1285 522 1358 552 so·

143 572 239 634 ⁴cios
255 614 270 635 ,
301 583 374 635 qui
407 595 480 635 per
516 582 653 623 literas
677 583 714 623 ei
737 582 929 624 solebant
952 585 1131 626 scribere
1147 613 1162 636 ‚
1195 584 1234 626 si
1256 583 1364 636 quid

141 659 376 720 peregrinis
405 659 448 701 in
480 659 599 702 terris
637 672 684 702 ac
709 661 906 714 gentibus
931 663 1211 716 reperissent,
1244 661 1362 715 quod

118 723 320 789 ‘dignum
352 734 604 788 Philosophi
639 735 883 789 cognitione
913 729 1178 792 judicarent:
1212 738 1255 778 hi
1282 737 1362 791 igi-

144 821 216 854 tur
240 812 276 854 si
304 822 375 854 aut
399 813 599 854 adiissent
618 812 828 867 Judaeos,
858 824 929 855 aut
955 827 1113 856 novum
1137 825 1178 856 et
1203 826 1364 858 memo·

140 888 274 931 rabile
292 889 554 943 judicassent
580 900 741 944 gentem
767 902 890 942 esse,
925 903 1029 943 quae
1061 904 1191 934 unum
1224 893 1365 935 Deum

143 965 301 1008 coleret
314 994 329 1017 ‚
345 978 484 1008 nonne
496 967 586 1020 ejus
605 967 663 1007 rei
676 967 867 1008 notitiam
883 980 976 1009 cum
996 968 1225 1009 Aristotele
1244 980 1367 1010 com·

141 1043 463 1092 ,municassent‘3
495 1054 534 1085 et
557 1053 643 1086 erat
667 1043 861 1097 profecto
886 1045 1011 1086 locus
1027 1042 1197 1098 Judaeis
1224 1044 1266 1086 in
1288 1057 1363 1087 co-

141 1120 394 1176 piosissimo
431 1121 686 1175 Philosophi
725 1134 882 1175 opere,
929 1134 1017 1174 quo
1057 1122 1236 1163 maxime
1270 1120 1366 1173 qui*

139 1197 239 1241 clem
264 1196 553 1250 Graecorum,
575 1198 648 1239 sed
672 1199 928 1251 populorum
954 1207 1089 1238 tamen
1116 1197 1237 1237 etiam
1262 1196 1369 1237 alio-

136 1286 238 1323 Jum
263 1275 536 1328 quorumdam
555 1306 570 1328 ,
601 1286 665 1316 res
702 1273 899 1327 publicas
929 1272 1179 1324 descripsit.
1238 1271 1369 1314 Nunc

144 1364 283 1405 neque
308 1352 350 1393 in
372 1351 453 1404 iis,
486 1351 559 1404 qui
580 1351 630 1393 ad
646 1363 725 1393 nos
756 1349 905 1403 integri
931 1356 1241 1402 pervenerunt,
1273 1349 1373 1391 Ari-

142 1429 313 1472 stotelis
338 1429 491 1479 libris,
522 1440 658 1478 neque
682 1427 726 1468 in
751 1437 894 1469 eorum
922 1425 996 1478 qui
1020 1426 1233 1478 perierunt
1256 1427 1370 1479 frag-

136 1504 325 1555 mentis,
350 1500 607 1556 judaeorum
634 1509 769 1544 exstat
792 1499 964 1542 mentio·

201 1581 431 1624 Videamus
459 1576 700 1618 Historicos
716 1605 731 1627 ,
768 1576 840 1627 qui
863 1577 931 1617 vel
958 1584 1191 1618 tractarunt
1214 1577 1283 1618 vel
1309 1586 1371 1619 at-

150 1653 337 1707 rigerunt
373 1651 686 1705 Aegyptiacas,
716 1651 934 1703 Persicas,
977 1662 1017 1692 et
1058 1664 1154 1692 cum
1185 1652 1238 1694 iis
1269 1664 1374 1695 con-

146 1731 315 1785 iunctas
349 1741 413 1771 res
447 1729 565 1772 alias.
626 1728 692 1770 Ex
724 1741 879 1782 magno
912 1741 1118 1780 numero,
1151 1730 1237 1770 duo
1261 1731 1376 1783 soli,

147 1807 221 1850 sed
245 1806 459 1859 primarii,
483 1816 736 1857 supersunt,
763 1806 1008 1846 Herodotus
1030 1816 1070 1846 et
1094 1805 1337 1856 Xenophon
1353 1817 1373 1857 ᾗ

148 1892 332 1934 quorum
369 1883 440 1922 ille
476 1892 543 1920 eas
579 1881 696 1931 ipsas
736 1880 930 1932 regiones
959 1879 1154 1920 studiose
1183 1891 1378 1932 peragra-

147 1958 241 2010 vit,
271 1966 310 1999 et
332 1969 421 2008 res,
454 1968 559 2007 quas
593 1955 650 1996 ibi
677 1954 744 1995 vel
779 1958 872 2006 ipse
900 1955 1056 1995 viderat
1095 1954 1161 1995 vel
1192 1955 1244 1995 ab
1280 1955 1376 1996 aliis

148 2041 391 2086 acceperat,
423 2031 642 2084 diligenter
661 2031 884 2070 memoriae
908 2030 1149 2072 mandavit:
1183 2030 1252 2073 hic
1276 2031 1378 2072 Per-

151 2109 256 2153 siam
295 2118 335 2151 et
364 2120 554 2163 magnam
585 2090 931 2160 partem'vicinae
959 2106 1126 2157 ,iudaeis
1161 2108 1286 2149 Asiae
1309 2119 1383 2160 per

151 2189 343 2231 militiam
378 2189 612 2243 cognovit3
665 2189 707 2230 hi
739 2201 868 2239 ergo,
914 2191 1050 2239 cedo,
1094 2188 1168 2229 nbi
1195 2187 1381 2242 judaeos

153 2266 471 2310 memorarunt?
524 2267 678 2319 Neque
721 2279 818 2307 vero
858 2266 989 2318 magis
1027 2264 1098 2312 qui
1134 2265 1380 2317 perierunt,

156 2342 354 2393 Ctesias,
384 2342 615 2394 Eudoxus,
648 2342 804 2393 aliique
830 2341 951 2381 multi
983 2340 1235 2394 Judacorum
1269 2351 1385 2386 men·

155 2422 315 2463 tionem
346 2421 541 2474 injecisse
564 2423 775 2465 videntur.
841 2423 982 2475 Cujus
1012 2422 1069 2461 rei
1098 2421 1382 2462 certissimum

157 2489 241 2537 hoc
265 2504 331 2537 est
352 2506 643 2551 argumentum
666 2526 682 2552 ,
700 2497 816 2551 quod
837 2496 1082 2551 josephus,
1101 2505 1140 2538 et
1165 2503 1264 2550 post
1288 2502 1385 2537 eum

133 2617 146 2634 ‚
795 2571 878 2618 Du
918 2584 946 2617 α
1286 2568 1392 2611 Clss·
