1693 3110
263 190 342 235 DE
374 179 895 233 IMMORTALITATE
926 178 1118 229 ANIMI.
1216 185 1305 238 '499

90 312 181 356 eis:
204 322 295 356 tum
323 315 371 355 de
391 313 584 362 Socrate,
608 309 765 363 quique
784 309 834 351 ab
861 321 910 351 eo
932 309 1170 359 fluxerunt,
1191 307 1302 349 Aca·

91 389 291 440 demicis‚
322 385 638 440 Peripateticis,
667 384 881 438 Cynicis,
913 385 1102 436 Stoicis,
1133 383 1296 435 Epicu-

92 464 178 506 reis
194 495 208 516 ,
240 474 279 506 et
303 465 424 516 aliis,
459 474 592 516 usque
617 463 668 505 ad
689 462 964 505 Ciceronem:
997 471 1087 503 tum
1108 461 1302 515 disputa·

89 540 250 583 'tionem
270 541 468 583 deducam
491 553 512 582 a
535 539 740 582 Cicerone
771 540 822 581 ad
844 539 1056 581 Senecam.

461 669 814 715 SECTIO
891 672 927 715 1.

404 806 475 850 De
505 806 656 847 Ionicis
692 804 968 860 Philosophi&

145 920 396 974 Opinionem
413 950 427 971 ‚
458 921 508 961 de
529 919 617 961 vita
641 920 816 971 quadam
852 918 995 960 Animi
1031 918 1202 973 corpori
1227 929 1296 961 su·-
1318 906 1452 992 ῗξὲξείξ·

89 995 276 1049 perstitis
292 1024 305 1047 ,
325 993 624 1045 antiquissima
644 1002 771 1035 aetate
793 994 905 1046 apud
924 993 1111 1037 Graecos
1134 994 1297 1048 viguis-

84 1079 133 1114 ‘se
153 1080 320 1113 constat
345 1083 394 1112 ex
419 1069 602 1112 Homero
628 1080 667 1111 et
695 1069 893 1112 omnibus
915 1070 1068 1112 veteris
1090 1072 1181 1112 aevi
1209 1082 1298 1111 mon

83 1146 315 1189 numentis.
358 1146 542 1188 Caussae
558 1175 572 1197 ,
595 1146 750 1198 quibus
774 1145 934 1188 factum
956 1156 1022 1187 est
1045 1154 1091 1187 ut
1114 1146 1184 1188 illa
1207 1147 1302 1199 opi·

84 1223 157 1266 nio
185 1233 342 1266 mature
370 1223 412 1265 in
449 1223 610 1266 Graeca
645 1233 765 1277 gente
788 1225 1094 1278 dominaretur,
1126 1226 1299 1270 fuerunt

82 1311 126 1344 et
151 1302 358 1344 naturales
392 1310 431 1342 et
455 1301 618 1344 civiles.
678 1301 846 1356 Quare,
880 1303 953 1355 qui
978 1315 1062 1345 eam
1090 1305 1181 1346 sola
1209 1316 1297 1347 mo*-

85 1386 211 1419 nente
235 1372 384 1420 naturai
409 1378 451 1419 in
483 1377 702 1421 hominum
734 1379 947 1422 mentibus
982 1380 1195 1422 exstitisse
1233 1381 1296 1422 di-

83 1462 220 1506 eunt,
252 1453 354 1496 mihi
384 1450 551 1508 quidem
577 1456 709 1497 multo
736 1455 866 1507 magis
885 1455 1148 1507 probantur,
1167 1462 1295 1508 quam

82 1529 140 1582 ii,
162 1530 233 1581 qui
260 1529 350 1584 ejus
373 1530 575 1581 originem
599 1530 666 1572 vel
690 1531 740 1571 ab
762 1531 1010 1583 Aegyptiis,
1028 1532 1095 1573 vel
1117 1544 1138 1573 a
1164 1533 1296 1575 Chal.

81 1608 222 1659 daeis,
253 1608 319 1649 vel
348 1607 513 1648 aliunde
547 1616 710 1660 petunt.
783 1607 863 1649 Sed
902 1620 980 1662 ego
1013 1616 1144 1650 totam
1185 1610 1292 1651 hane

80 1685 364 1735 quaestionem
398 1684 706 1735 praetermitt0‚
751 1693 873 1735 quam
914 1683 1007 1726 Vos
1041 1684 1203 1725 Iudices
1240 1684 1291 1726 ab

78 1761 155 1801 hac
177 1759 464 1813 disputatione
486 1758 745 1800 exclusistis.
811 1758 922 1799 Satis
945 1758 1080 1800 habeo
1108 1759 1295 1800 auctori·

76 1836 174 1877 tatis
211 1836 252 1876 in
288 1835 522 1886 Cicerone,
568 1835 642 1886 qui
676 1833 851 1889 (Tusc.
875 1833 909 1878 Ι.
948 1847 990 1888 13
1018 1865 1033 1887 ,
1068 1838 1172 1889 14.)
1203 1836 1292 1888 ait,

74 1913 305 1968 opinionem
332 1909 382 1952 de
411 1912 648 1952 animorum
682 1911 1010 1952 immortalitate
1044 1925 1124 1953 non
1159 1925 1187 1953 a
1216 1911 1286 1953 do·-

73 1988 249 2039 ctrina,
279 1986 351 2028 scd
370 1987 422 2028 ab
440 1989 537 2043 ipsa*
554 1987 744 2040 natum,
762 1985 999 2044 proficisci,
1019 1996 1058 2029 et
1082 1988 1185 2045 legis
1211 2001 1289 2031 na-

75 2063 235 2106 taralis
257 2065 339 2104 vim
362 2063 564 2105 obtinere.

131 2140 241 2191 Sed,
273 2153 402 2192 quum
440 2140 630 2183 doctrina
666 2141 716 2183 de
754 2140 1002 2183 Animorum
1042 2138 1287 2185 immortali-
1309 2144 1445 2183 Thales·

73 2224 186 2266 tate,
226 2226 274 2257 ut
308 2213 463 2270 reliqua
500 2227 669 2260 naturae
707 2218 926 2271 cognitio,
970 2231 993 2261 a
1026 2217 1199 2272 Poetis,
1240 2233 1286 2263 ac

78 2291 341 2346 Theologis,
377 2307 450 2336 seu
490 2294 720 2349 Orphicis,
761 2296 852 2337 rudi
884 2294 1081 2339 Minerva
1115 2306 1284 2341 tractata

73 2369 256 2422 fuisset,
301 2370 461 2413 exstitit
485 2373 591 2414 circa
629 2372 918 2426 Olympiadem
950 2366 1026 2414 XL
1060 2379 1283 2417 THALES

76 2441 273 2485 Milesius
299 2445 341 2486 in
364 2443 506 2499 Ionia,
539 2448 612 2500 qui
636 2449 789 2503 majore
813 2449 964 2490 valeret
997 2459 1127 2491 rerum
1161 2460 1286 2491 natu-

71 2524 219 2569 ralium
247 2527 454 2582 scientia,
485 2539 654 2582 eamque
688 2528 737 2571 ad
768 2527 874 2570 viam
905 2538 951 2571 ac
977 2528 1206 2581 rationem,
1239 2526 1282 2569 id

711 2604 759 2646 li
798 2617 823 2648 2
1215 2611 1281 2645 est
