1693 3110
261 187 341 233 DE
371 186 554 232 OBITU
583 184 982 241 WYNPERSSH,
1013 198 1076 230 ΕΤ
1107 184 1292 233 RAVII.
1327 203 1413 249 219

183 311 439 361 Continuo,
473 309 598 363 Regis
630 309 813 350 adventu
848 321 894 350 ac
924 308 1169 351 liberalitate
1200 322 1411 355 recreatus

190 399 233 431 et
253 388 493 430 cumulatus
511 416 525 437 ‚
556 385 720 427 brevem
749 385 876 438 hujus
902 385 1091 426 beneficii
1116 384 1302 429 fructum
1325 401 1418 439 pef-

187 466 326 519 cepit3
360 465 501 507 eodem
536 474 675 510 ann0,
707 462 952 504 Decembris
982 463 1025 505 d.
1050 474 1091 510 Ι,
1123 464 1269 504 subito
1306 477 1417 506 mor.

189 540 248 583 bo
273 541 397 582 nobis
423 542 620 591 ereptus,
654 538 806 580 florens
833 545 894 577 εἷ’·
909 546 1041 578 aetate
1071 546 1110 577 et
1142 539 1317 586 publico
1351 537 1416 580 fa-

186 628 315 660 vore:
347 624 508 656 tantum
547 614 741 656 universe
774 613 839 654 sui
866 612 1028 652 luctum
1059 613 1333 664 relinquens,
1366 623 1416 657 ut:

181 695 388 738 incertum
426 703 572 744 esset,
615 691 684 734 cui
721 690 905 733 civitatis
947 690 1092 742 parti,
1139 693 1412 744 Academiae,

186 769 436 820 Ecclesiae,
474 767 693 812 communi
733 767 870 818 vitae,
921 765 992 807 cui
1020 765 1191 817 ordini,
1239 777 1320 806 utri
1347 778 1412 807 se.

183 849 282 901 xui,
317 858 354 887 m
384 847 449 901 gis
478 847 736 889 desideratus
761 844 1029 887 decessisset.
1069 842 1148 884 Sed
1165 842 1281 884 eece!
1308 844 1412 885 haec:

182 924 311 968 nobis
347 923 693 965 commemoratio
734 924 777 964 in
821 920 1057 962 memoriam
1096 929 1263 961 revocat
1297 919 1408 962 duos

178 1001 450 1045 Profosmres
498 1003 788 1053 clarissim05‚
833 1001 1041 1043 Kluitium
1068 1011 1108 1041 et
1139 997 1407 1052 Luzacium,

178 1080 296 1123 illius
324 1082 490 1124 diritate
515 1083 665 1135 stragis
687 1081 950 1124 exstinctos:
976 1089 1143 1120 revocat
1164 1079 1270 1120 alios
1294 1079 1408 1132 ejus-

179 1157 274 1200 dem
310 1156 385 1198 fati
422 1168 668 1201 consortes:
716 1167 884 1199 revocat
917 1154 1093 1197 omnino
1128 1164 1266 1196 totum
1297 1153 1406 1196 illud

180 1233 462 1276 miserrimum
485 1243 673 1289 tempus.
732 1233 796 1276 De
821 1245 909 1285 quo
936 1244 1047 1274 nunc
1074 1231 1155 1273 hoc
1180 1220 1311 1273 untlm
1335 1231 1410 1271 ad-

175 1307 335 1351 didisse
366 1309 577 1361 sufficiat,
606 1320 687 1351 nos
710 1307 747 1350 ei
773 1307 981 1350 narrando
1005 1306 1133 1348 alium
1163 1307 1305 1349 locum
1332 1304 1406 1354 da-

167 1395 219 1437 ,ne
244 1385 539 1430 constituisse.
575 1406 635 1418 --
659 1385 746 1432 Αο.
773 1380 1121 1430 MDCCCVIIL

1198 2603 1402 2653 PRAEn‘
