1693 3110
364 162 474 209 DE
539 155 987 204 UNITATE
1045 153 1227 199 nm.
1321 166 1417 213 423

185 285 499 330 Aiexandrum:
533 280 624 323 vid.
650 279 836 322 Vossius
859 279 910 320 de
931 276 1046 320 Hist.
1070 277 1223 321 Graec.
1252 276 1298 329 Ι,
1335 278 1402 321 16.

183 360 306 415 Quid
346 373 445 402 vero
468 368 532 401 est
559 356 673 410 quod
699 368 751 397 ex
782 356 1012 408 Hermippo
1040 354 1259 398 adfertur?
1288 354 1412 396 nimi-

184 451 279 481 rum
323 440 429 482 hoc:
476 440 614 481 ταῦτα
645 433 682 479 δ’
708 434 882 488 ἔπραττε
917 434 983 476 καὶ
1019 434 1168 485 ἔλεγε,
1208 435 1282 481 τὰς
1312 435 1413 476 Ἴου·

183 517 302 561 δαίων
336 516 402 559 καὶ
453 518 618 570 Θρᾳκῶν
665 513 781 563 δόξας
817 511 1078 563 μιμούμενος.
1148 509 1285 563 Igitur
1327 508 1412 550 hoe

194 603 325 633 unum
364 600 427 632 est
479 590 594 642 quod
643 586 902 640 Hermippus
944 586 1076 637 dicit3
1119 583 1413 638 Pythagoram

187 668 464 724 Judaeorum
495 678 537 710 et
573 668 609 710 Τ
606 669 786 710 hracum
821 665 1028 721 opiniones
1051 664 1268 703 imitatum
1301 672 1415 702 esse:

191 754 346 797 estque
377 745 458 787 hoc
490 744 637 796 potius
673 741 912 795 profectum
949 752 1001 782 ex
1030 739 1272 792 conjectura
1308 737 1417 779 Her·

203 820 369 874 mippi,
402 819 477 873 qui
493 821 747 875 judaeorum
773 817 971 860 notitiam
992 816 1164 867 habuit,
1189 827 1315 867 quam
1339 818 1417 856 dus

194 906 316 939 ctum
343 910 391 939 ex
415 897 738 948 Scriptoribus‚
770 895 843 948 qui
867 895 1049 946 proximi
1071 903 1143 935 aut
1161 893 1335 934 fuerunt
1353 904 1420 933 ae-

191 972 272 1015 tati
296 972 559 1026 Pythagorae
577 1004 591 1023 ‚
622 983 695 1013 aut
718 972 958 1012 Alexandro
984 971 1275 1022 antiquiores:
1309 980 1419 1020 quo·

193 1059 288 1089 rum
314 1047 502 1099 quippe,
535 1057 581 1088 ut
606 1046 825 1097 diximus,
855 1045 1000 1086 nullus
1023 1042 1277 1097 Judaeorum
1305 1054 1419 1086 meu.

194 1124 354 1166 tionem
390 1123 506 1165 fecit.
572 1123 724 1175 Neque
761 1134 860 1164 vero
896 1120 1157 1172 Hermippus
1194 1119 1300 1161 dixit
1333 1119 1417 1171 Py-

193 1200 412 1253 thagoram
444 1200 557 1253 apud
575 1199 759 1252 Judaeos
790 1198 944 1240 fuisse.
1008 1195 1141 1251 Quod
1176 1197 1215 1237 si
1247 1196 1327 1237 hoc
1357 1196 1422 1237 di·

194 1276 362 1327 xisset‚
398 1274 614 1329 Josephus
666 1273 864 1327 profecto
905 1285 1023 1324 non,
1064 1272 1227 1315 omisso
1259 1272 1418 1314 diserto

194 1351 474 1401 testimonio,
504 1351 558 1393 ad
589 1361 745 1402 anceps
776 1358 818 1391 et
855 1349 1087 1390 obscurum
1125 1349 1415 1403 confugisset.

202 1427 262 1471 Et
286 1436 371 1469 erat
394 1426 568 1468 omnino
588 1426 712 1466 locus
738 1425 780 1467 in
806 1437 855 1466 eo
879 1423 1016 1476 libr-o,
1048 1433 1098 1465 ut
1121 1436 1296 1475 omnes,
1318 1437 1424 1476 quas

196 1502 371 1557 quidem
400 1510 575 1551 nosset,
607 1500 870 1552 Pythagorae
911 1511 974 1540 res
1011 1500 1204 1551 prode-ret
1227 1501 1424 1552 Hermip-

202 1591 315 1634 pus,
350 1578 513 1631 quippe
548 1576 623 1629 qui
659 1577 785 1618 vitam
823 1575 1143 1627 doctrinamque
1172 1577 1260 1630 eius
1292 1579 1424 1630 piuri-

202 1654 286 1696 bus
309 1653 428 1695 libris
460 1650 738 1704 conscripsit.
799 1650 936 1702 Atqui
963 1652 1016 1693 ab
1044 1653 1119 1692 hac
1147 1653 1325 1706 Josephi
1348 1666 1422 1695 au.

203 1733 402 1777 ctoritate
424 1732 605 1786 pendent
627 1730 766 1772 Patres
783 1760 798 1781 ‚
833 1730 907 1781 qui
935 1729 1168 1782 Hermippo
1191 1740 1296 1772 teste
1316 1743 1420 1773 con-

202 1812 384 1853 tendunt
417 1808 699 1862 Pythagoram
732 1819 755 1848 a
782 1805 954 1861 Judaeis
992 1805 1251 1860 profecisse:
1286 1808 1424 1850 veluti

201 1885 411 1939 Origenes
436 1893 588 1926 contra
630 1883 749 1925 Cels·
781 1881 817 1924 I.
867 1892 945 1935 15,
981 1883 1049 1924 16.
1088 1882 1162 1935 qui
1195 1883 1271 1924 hac
1295 1883 1419 1925 etiam

201 1963 251 2007 in
289 1974 332 2003 re
367 1960 558 2011 fallitur,
594 1960 709 2010 quod
745 1959 889 1999 locum
932 1958 1181 2012 Hermippi,
1212 1971 1336 2011 quein
1374 1971 1426 2002 ex

202 2039 341 2094 primo
367 2038 458 2091 ejus
480 2035 591 2076 libro
621 2033 706 2085 περὶ
731 2038 808 2077 τῶν
832 2035 1064 2088 Πυθαγόρου
1081 2036 1252 2087 βιβλίων
1279 2035 1420 2077 lauda·

205 2125 321 2157 verat
338 2112 555 2167 Josephus
571 2140 586 2163 ,
609 2120 798 2152 sumtum
822 2110 1009 2164 putavit.
1067 2110 1126 2155 Et
1150 2111 1423 2165 quandoqui-

202 2188 298 2231 dem
338 2187 597 2241 Hermippus
628 2187 885 2241 Judaeorum
920 2198 1018 2229 cum
1056 2185 1272 2229 Thracum
1306 2199 1422 2232 men-

203 2263 364 2305 tionem
407 2264 665 2318 conJ‘unxit,
707 2273 748 2304 et
788 2274 930 2307 eorum
986 2263 1170 2306 invicem
1221 2266 1423 2308 instituta

205 2339 360 2382 similia
410 2353 500 2383 esse
544 2339 833 2395 significavitg,
883 2340 987 2392 quid
1036 2351 1100 2382 est
1123 2372 1138 2393 ‚
1191 2341 1228 2384 si
1280 2344 1422 2385 minus

208 2418 300 2461 suis
331 2417 417 2471 ipsi
446 2417 626 2472 ingeniis
654 2417 854 2460 unitatem
879 2415 956 2458 Dei
986 2429 1243 2471 cognoscere
1267 2428 1420 2470 potue.

204 2501 305 2536 runt
338 2491 517 2548 Graeci,
544 2492 655 2548 quin
694 2504 781 2538 eam
814 2492 960 2547 potius
993 2505 1016 2535 a
1048 2494 1202 2537 vicinis
1227 2502 1268 2535 et
1301 2492 1416 2533 notis

837 2568 919 2613 Dd
953 2582 982 2628 4
1285 2569 1422 2614 Thra·
