1693 3110
324 201 412 252 590
627 185 1245 236 DISPUTATIQ

149 325 239 361 sect.
263 331 304 365 v.
331 316 386 359 tis
416 313 502 355 fuit
519 342 534 365 ,
569 312 771 356 Animum
804 311 1001 356 notiones
1027 312 1224 357 habuisse
1245 323 1464 372 antequam
1490 320 1537 368 in

152 370 258 407 ‘'m''
328 393 499 441 Corpus
521 389 692 432 veniret.

386 465 539 522 Quinti
563 465 795 518 argumenti
817 464 994 507 efficacia
1015 466 1236 520 repetenda
1267 476 1329 509 est
1360 479 1410 511 ex
1439 470 1534 513 uni-

324 548 445 589 versa
480 543 666 586 Platonis
696 544 996 587 distributione
1018 575 1033 597 ,
1074 548 1158 598 qud
1201 559 1364 589 omnem
1397 561 1533 594 rerum

325 623 603 665 substantiam
628 621 670 662 in
692 622 777 663 duo
806 622 1011 664 contraria
1037 635 1183 676 genera
1208 623 1387 676 dividit,
1419 625 1532 667 Sim·

317 702 422 760 plex
445 712 485 742 et
513 701 818 754 compositum:
851 711 1063 751 quorum,
1095 698 1176 740 hoc
1211 699 1461 742 dissolvitur
1493 706 1536 743 et'

324 778 533 821 continuo
571 786 781 827 mutatur,
821 774 925 816 illud
972 775 1150 817 dissolvi
1185 776 1333 827 nequit
1377 784 1417 818 et
1451 775 1536 818 sibi

325 868 488 908 semper
526 862 711 896 constat.
775 851 916 906 Hujus
949 851 1174 893 divisionis
1216 852 1427 893 veritatem
1463 857 1536 894 ne·

324 943 423 986 gant
446 931 611 983 quidem
638 927 803 979 Stoici,
834 927 1062 980 Epicurei,
1093 935 1133 968 et
1152 939 1203 968 ex
1232 928 1533 971 recentioribus

326 1010 399 1061 qui
437 1017 644 1049 vocantur
692 1003 1038 1046 [Materialistac.
1108 1003 1219 1055 Sed,
1251 1002 1289 1044 si
1318 1004 1399 1045 hoc
1432 1015 1535 1046 con-

323 1086 492 1126 cvdatur
514 1081 702 1133 Platoni,
733 1080 850 1123 nulla
875 1080 952 1121 erit
984 1079 1087 1120 ratio
1113 1091 1240 1131 quare
1273 1092 1358 1121 non
1383 1091 1534 1122 conce-⁶

322 1160 445 1201 datur
489 1157 596 1198 illud
646 1156 763 1208 quod
811 1154 907 1197 inde
952 1155 1172 1207 sequitur,
1213 1155 1411 1197 Animum
1444 1163 1536 1197 esse

323 1234 558 1285 simplicem
610 1244 687 1274 nec
736 1242 868 1273 morte
914 1231 1121 1283 Corporis
1169 1230 1364 1274 dissolvi.
1432 1230 1529 1273 I-Ioc

321 1312 430 1351 enim
481 1308 601 1350 Plato
657 1306 849 1360 diligenti
895 1304 1205 1357 comparatione
1241 1303 1387 1346 Animi
1431 1315 1528 1346 cum

323 1385 519 1437 Corpore
555 1383 746 1424 conficit,
816 1382 1004 1424 Revocat
1043 1381 1221 1433 denique
1264 1379 1346 1422 hoc
1394 1383 1532 1434 Argu-

323 1470 508 1504 mentum
534 1459 584 1500 ad
605 1457 800 1500 Divinam
826 1455 1157 1505 Providentiam,
1187 1465 1235 1496 ut
1258 1456 1404 1497 doceat
1427 1455 1530 1497 Ani*

322 1544 417 1577 mos
443 1534 494 1575 ad
518 1531 746 1573 Veritatem
773 1542 819 1571 ac
844 1529 1056 1569 Virtutem
1083 1528 1221 1569 factos
1245 1541 1337 1571 esse
1362 1543 1384 1572 a
1410 1530 1529 1574 Deo:

322 1611 483 1664 igitur,
514 1616 563 1648 ut
593 1605 775 1659 quisque
809 1605 853 1646 in
891 1604 969 1646 hac
1005 1603 1094 1645 vitai
1125 1603 1302 1646 Divinae
1327 1607 1424 1648 huic
1448 1607 1532 1660 legi

321 1682 539 1739 paruerit,
572 1681 629 1722 ita
644 1681 856 1734 cujusque
879 1677 1070 1720 futurum
1097 1688 1249 1721 statum
1273 1680 1376 1723 fore.
1419 1682 1529 1726 Nam

321 1760 395 1813 qui
416 1758 592 1800 Veritati
618 1768 666 1798 ac
693 1756 856 1797 Virtuti
884 1756 1178 1810 studuissent,
1212 1769 1285 1800 eos
1320 1759 1371 1800 ad
1392 1757 1529 1803 Deum

318 1844 596 1888 perventuros
626 1840 836 1874 auctorem
871 1831 1071 1873 Veritatis
1115 1841 1155 1874 et
1198 1832 1408 1875 Virtutis:
1455 1836 1530 1887 qui

322 1923 423 1952 vero
458 1908 668 1960 Corporis
712 1906 1010 1959 voluptatibus
1041 1906 1311 1960 serviissent,
1353 1919 1426 1949 eos
1461 1909 1532 1950 de-

318 1998 406 2029 nuo
427 1985 598 2037 Corpus
623 1994 815 2035 quaerere
836 1983 879 2023 in
904 1993 1040 2034 eoque
1062 1981 1193 2025 nasci.

376 2060 549 2101 Sextum
592 2061 901 2112 Argumentum
936 2056 1117 2110 pertinet
1145 2058 1195 2098 ad
1230 2056 1528 2103 confutandam

318 2148 461 2179 eorum
498 2134 771 2188 opinionem,
803 2134 878 2185 qui
910 2132 1108 2174 Animum
1143 2134 1186 2173 in
1209 2134 1384 2184 quadam
1419 2135 1530 2176 Cor.

319 2211 437 2266 poris
460 2210 708 2262 affectione,
738 2219 778 2251 et
807 2207 994 2250 humoris
1028 2206 1291 2260 calorisque,
1323 2207 1530 2253 siccitatis

319 2301 366 2330 ac
399 2287 599 2341 frigoris,
630 2295 954 2340 temperamento
983 2294 1246 2336 posueruntg,
1279 2285 1412 2326 veluti
1433 2285 1529 2328 Par.

318 2365 528 2415 menides,
561 2362 704 2415 Zeno,
733 2372 772 2403 et
797 2359 883 2404 alii.
926 2359 974 2401 In
999 2359 1078 2401 hoc
1096 2361 1354 2413 Argumento
1379 2355 1526 2415 niagna

319 2449 383 2481 est
415 2438 512 2488 vis,
547 2451 668 2489 quam
708 2437 879 2479 uberius
911 2435 1198 2488 explicuerunt
1236 2436 1519 2489 posteriores,

321 2513 397 2568 qui
416 2513 603 2557 Platonis
633 2513 814 2568 vestigia
845 2511 1055 2567 persecuti
1095 2521 1222 2568 sunt,
1254 2520 1380 2566 atque
1411 2521 1526 2563 egre-

1417 2596 1529 2642 gram
