1693 3110
277 215 359 258 660
562 207 1170 257 DISPUTATIO

83 329 255 407 ξεῗέἒξῖῐ·
279 319 460 379 Stoicam
498 344 637 378 status
673 335 835 387 futuri,
879 347 984 388 quae
1021 335 1262 377 continetur
1294 345 1491 388 sequente

276 412 497 464 Epistolae
544 420 688 464 parte,
743 413 818 453 sed
865 413 1046 452 rationes
1089 423 1135 453 ac
1187 411 1490 465 descriptiones

276 488 453 530 aliorum
477 486 846 539 Philosophorum

333 562 463 617 Quod
492 562 528 604 si
557 574 656 615 ergo
683 574 756 615 ea,
792 574 899 614 quae
939 574 988 604 ex
1021 560 1178 604 Seneca
1202 562 1492 615 protulimus,

275 649 571 691 comparentur
607 649 702 678 cum
739 638 791 678 iis
827 650 932 690 quae
977 639 1091 679 Sect.
1134 638 1254 680 vm.
1295 638 1494 690 exposui-

81 725 212 769 summq
276 728 400 767 mus,
434 714 685 768 apparebit,
712 724 803 754 eum
827 726 923 755 cum
956 714 1113 755 Stoicis
1138 712 1348 754 veteribus
1387 724 1495 753 con-³

71 773 253 841 ἒῖᾞέἒᾶὲπ
275 792 482 834 sensisse.
543 789 650 831 Nam
685 801 725 832 et
769 802 955 833 naturam
996 789 1137 831 Animi
1171 788 1313 830 Stoice
1347 786 1495 828 defini-

274 867 364 918 vit,
395 877 434 908 et
453 879 544 908 eum
575 878 710 918 usque
744 867 793 907 ad
820 865 1187 917 confltgrationexn
1224 863 1377 904 Mundi
1402 874 1494 915 pera

274 943 421 986 durare
464 942 653 984 statuit:
700 953 826 993 porro
878 943 1076 981 Animum
1109 971 1123 990 ‚
1167 949 1267 991 post
1314 946 1490 980 mortem

273 1019 512 1072 Corporis,
556 1028 722 1059 sursum
773 1015 869 1057 ferri
923 1016 964 1057 in
1018 1027 1167 1066 purum
1219 1015 1493 1067 lucidumque

273 1094 507 1145 aetherem,
540 1092 685 1143 ibique
719 1091 884 1134 beatum
919 1091 1065 1144 degere
1094 1103 1238 1131 aevum
1279 1102 1416 1141 usque
1441 1089 1493 1130 ad

271 1168 427 1212 Mundi
453 1167 857 1219 conflagrationem,
888 1178 985 1208 cum
1015 1165 1322 1207 consuetudine
1358 1176 1396 1205 et
1422 1177 1497 1206 so-

270 1244 418 1287 cietate
455 1244 620 1296 piorum
658 1243 983 1295 bonorumque,
1015 1251 1104 1282 turn
1140 1241 1385 1294 cognitione
1419 1252 1494 1282 na-

270 1328 404 1362 turae.
464 1320 526 1360 De
554 1318 753 1359 malorum
780 1319 930 1369 poenis
959 1317 1066 1357 nihil
1091 1316 1210 1356 dicit,
1273 1315 1381 1356 Nam
1407 1315 1492 1355 Fu-

268 1396 352 1438 riae
384 1394 583 1446 quidem,
628 1393 764 1445 Styx,
809 1391 1053 1440 Cerberus,
1099 1397 1140 1430 et
1175 1388 1353 1440 similia,
1386 1398 1489 1431 sunt

268 1471 491 1514 Poetarum
523 1479 778 1509 commenta.
842 1465 1139 1518 Purgationem
1177 1464 1493 1506 autem'Animi

270 1558 393 1597 esse,
428 1551 509 1596 qua
544 1553 646 1596 post
677 1553 851 1585 mortem
887 1542 930 1582 in
964 1539 1255 1593 superioribus
1292 1541 1395 1581 acris
1429 1552 1491 1581 re·

272 1620 473 1675 gionibus
507 1633 528 1661 a
559 1619 674 1661 vitiis
708 1628 748 1659 et
772 1627 1023 1660 terrenarum
1063 1627 1195 1656 rerum
1231 1615 1418 1666 reliquiis
1442 1615 1496 1657 li-

273 1684 442 1739 beratus
469 1696 513 1737 in
537 1686 763 1736 sublimem*
787 1695 991 1736 aetherem
1019 1692 1165 1733 abeat:
1204 1691 1284 1731 hoc
1317 1689 1449 1744 igitur
1472 1703 1496 1733 a

272 1770 504 1816 Platonicis
538 1770 755 1814 assumsit.
817 1768 927 1822 Sed,
972 1777 1017 1809 ut
1049 1766 1199 1818 reliqui
1240 1766 1403 1818 Stoici,
1438 1767 1495 1809 ita

273 1848 393 1901 ipse,
425 1848 564 1890 nullas
603 1846 782 1900 protulit
816 1844 1198 1886 demonstrationes
1241 1841 1497 1883 Immortali-

276 1924 376 1965 tatis
404 1923 664 1976 peculiares3
699 1933 774 1962 nec
808 1921 1010 1962 rationem
1040 1919 1208 1968 attulit,
1233 1931 1357 1970 quare
1383 1917 1489 1959 tini.

277 1997 363 2049 mi,
409 2010 659 2050 quamquam
697 2005 808 2037 extra
844 1995 1015 2049 Corpus
1063 1995 1134 2035 diu
1170 1994 1495 2045 perdurassent,

277 2084 414 2116 tamen
436 2072 586 2114 Mundi
618 2071 943 2125 conflagratione
970 2068 1098 2122 perire
1137 2080 1175 2109 et
1201 2068 1241 2109 in
1268 2068 1490 2120 antiquum

280 2161 403 2194 suum
428 2151 674 2194 elementum
700 2149 820 2203 lgnis
840 2146 988 2192 Divini
1017 2144 1171 2189 resolvi
1197 2145 1389 2186 debeant.

1321 2590 1499 2641 CON-
