1693 3110
356 173 440 228 534
663 166 1258 214 DISVPUTATIO

197 298 277 325 ‘eeu
299 292 343 333 V.
361 291 562 337 tenuisse.
627 288 756 343 Quod
792 288 913 333 facile
937 288 1126 341 patebit,
1155 288 1193 330 si
1224 289 1558 336 animadverteri-

175 338 273 369 hato.

360 383 452 412 mus
470 399 484 419 ,
519 367 618 419 quid
641 367 713 410 fiat
739 367 1024 410 recordatione
1045 378 1083 409 et
1103 368 1266 422 judicio
1290 381 1436 413 rerum.
1478 373 1563 413 lta·

361 458 441 495 que
464 445 661 486 nimirum
692 445 880 496 quotidie
909 445 1170 498 experimur,
1197 458 1275 488 nos
1299 447 1340 488 in
1361 446 1483 489 unius
1507 457 1558 489 ex

359 520 529 563 alterius
566 520 618 560 rei
662 520 959 573 cogitationem
995 521 1155 565 deferri.
1217 521 1359 564 Veluti
1392 522 1428 564 si
1463 522 1559 574 quis

357 597 472 639 videt
513 595 739 647 Cebetem,
771 597 809 637 is
846 609 1016 649 quoque
1043 597 1085 639 in
1119 598 1311 641 Simmiae
1341 598 1562 651 cogitatio-1

358 683 449 715 nem
478 671 634 713 incidat
659 684 672 717 ε,
698 680 737 712 et
768 672 805 714 si
839 684 959 723 quem
988 672 1175 715 videmus
1209 673 1413 714 hominem
1443 671 1559 713 simi·

359 748 437 789 lem
463 748 608 790 Cebeti
626 779 640 799 ‚
675 761 766 790 eum
798 750 1021 802 cogitando
1054 764 1339 804 comparamus
1361 763 1454 794 cum
1479 749 1563 793 Ce-

360 819 482 873 bete,
511 832 549 862 et
584 823 816 875 judicamus
854 824 1005 876 tacite,
1037 837 1158 877 quam
1197 839 1327 879 prope
1352 827 1416 867 vel
1445 837 1559 867 acce-

362 898 431 939 dat
465 898 513 938 ad
540 899 628 951 ejus
657 898 998 951 similitudinem,
1029 904 1096 942 vel
1118 903 1168 943 ab
1191 904 1235 944 ea
1259 901 1434 944 deficiat.
1473 901 1560 942 Ne-

361 985 444 1023 que
480 973 559 1018 hoc
595 975 636 1018 in
669 974 721 1015 iis
754 983 913 1017 tantum
943 976 989 1017 fit
1026 977 1179 1028 rebus,
1210 988 1312 1028 quas
1351 974 1560 1029 Corporis

362 1060 487 1089 sensu
518 1048 802 1101 percipimus:
833 1050 902 1091 sed
925 1050 965 1091 in
992 1049 1042 1091 iis
1073 1051 1221 1102 etiam,
1253 1062 1357 1103 quae
1377 1058 1476 1092 sunt
1499 1048 1563 1090 in-

363 1124 602 1177 telligibiles
634 1125 701 1178 (j.
730 1138 768 1168 e.
797 1125 1061 1182 abstractae)
1090 1136 1129 1168 et
1153 1140 1174 1168 a
1211 1127 1409 1178 corporea
1441 1135 1563 1166 natu-

364 1206 408 1244 ra
441 1214 634 1245 remotae.
664 1194 782 1246 'Nam
801 1234 815 1255 ,
848 1214 893 1245 ut
918 1205 998 1246 hoc
1024 1214 1142 1256 utar,
1174 1204 1211 1246 si
1234 1216 1314 1245 rem
1344 1203 1561 1256 pulchram

360 1278 576 1327 videmus,
610 1279 715 1318 unde
737 1278 870 1319 oritur
899 1280 968 1322 illa
992 1279 1221 1331 cogitatio,
1258 1292 1343 1320 rem
1369 1291 1450 1319 esse
1465 1277 1561 1333 pul-

363 1355 551 1398 chram?
610 1353 712 1394 Non
745 1353 909 1394 aliunde
945 1351 1138 1404 profecto
1172 1353 1252 1394 nisi
1284 1353 1411 1403 hinc,
1451 1350 1565 1404 quod

364 1431 474 1471 illam
500 1441 580 1470 rem
597 1429 724 1471 tacite
747 1441 840 1469 eum
870 1430 960 1481 ipsa
988 1429 1314 1481 pulchritudinis
1337 1429 1425 1470 idea
1446 1440 1562 1469 com-

367 1516 590 1555 putamus»,
616 1512 654 1544 et
677 1503 911 1556 judicamus
937 1514 1060 1553 quam
1084 1514 1213 1553 prope
1236 1502 1305 1543 illa
1325 1513 1387 1542 res
1411 1502 1460 1542 ad
1485 1501 1565 1541 hu-

361 1582 428 1635 jus
455 1581 565 1621 ideae
592 1578 824 1631 exemplum
859 1578 1040 1620 accedat.
1082 1576 1173 1628 lta,
1205 1576 1240 1617 si
1261 1576 1376 1628 quod
1403 1576 1563 1621 factum

361 1655 598 1712 judicamus
622 1665 711 1694 esse
732 1653 846 1705 pium
873 1653 937 1693 vel
960 1651 1133 1703 impium
1152 1682 1166 1701 ‚
1190 1651 1268 1691 hoc
1293 1649 1448 1692 factum
1473 1661 1571 1691 sen-

364 1743 414 1775 su
455 1730 660 1783 Corporis
694 1739 929 1782 perceptum
956 1726 1170 1768 referimus
1193 1727 1243 1767 ad
1266 1727 1377 1768 ideas
1403 1725 1567 1766 univer-

364 1809 470 1850 sales
499 1807 664 1860 pletatis
690 1808 756 1847 vel
780 1806 1020 1857 impietatis.
1064 1807 1145 1846 Iam
1171 1814 1271 1844 vero
1297 1803 1406 1844 unde
1425 1800 1567 1842 hausi-

365 1897 458 1927 mus
487 1883 595 1926 ideas
622 1879 912 1922 universales?
957 1880 1056 1922 Non
1085 1880 1248 1932 quidem
1266 1909 1280 1930 ‚
1314 1889 1360 1920 ut
1384 1878 1565 1921 nonnul-

362 1959 392 1998 li
418 1958 594 2006 volunt‚
628 1957 820 1999 sensibus
855 1957 1075 2008 Corporis.
1136 1956 1244 1998 Nam
1290 1957 1355 1997 his
1392 1953 1560 2005 quidem

365 2034 581 2078 haurimus
606 2034 716 2075 ideas
749 2045 882 2074 rerum
911 2031 1184 2083 singularium
1203 2062 1217 2081 ‚
1254 2043 1355 2083 quas
1381 2030 1432 2072 ad
1454 2030 1565 2072 ideas

367 2123 497 2152 rtrum
531 2109 823 2152 universalium
854 2107 1058 2159 exigimus
1094 2115 1133 2146 et
1159 2106 1449 2159 dijudicamus.
1508 2106 1566 2147 Et

361 2197 489 2235 vero,
532 2185 614 2225 nisi
651 2185 767 2236 prius
801 2183 1024 2224 habeamus
1062 2181 1174 2222 ideas
1205 2180 1486 2230 universales,
1517 2188 1568 2219 ne

364 2259 592 2313 intelligere
620 2260 786 2311 quidem
813 2260 1027 2312 possimus
1053 2258 1159 2298 ideas
1187 2255 1436 2308 singulares.
1490 2254 1565 2295 Nil

364 2336 468 2376 enim
494 2335 739 2376 haberemus
765 2336 814 2378 ad
842 2335 986 2387 quod,
1009 2344 1211 2383 tamquam
1234 2333 1282 2372 ad
1304 2331 1564 2383 exemplum,

363 2421 427 2449 tas
460 2407 703 2450 ›esurremus
721 2439 735 2460 ,
767 2419 805 2451 et
829 2421 875 2455 ex
902 2421 986 2458 quo
1014 2419 1078 2448 eas
1101 2417 1434 2459 agnosceremus,
1475 2402 1566 2444 Un-

360 2486 411 2526 de
433 2482 633 2536 cibatur,
664 2496 749 2532 nou
771 2496 844 2540 per
887 2494 1034 2528 sensus
1057 2482 1265 2538 Corporis
1288 2481 1465 2537 primurn
1491 2489 1568 2522 no.-

1514 2559 1568 2597 ua
