1693 3110
335 158 416 202 DE
443 155 959 202 IMMORTALITATE
989 157 1182 203 ANIMI.
1275 166 1359 216 59?

158 293 447 334 quae'semper
465 280 508 322 in
528 279 705 321 Tartaro
731 289 895 322 manent
920 279 962 321 in
989 280 1251 333 exemplum,
1276 293 1364 334 quo
1385 289 1471 320 sect.
1496 289 1551 329 v«

155 354 258 397 aliae
289 369 310 396 a
336 354 565 398 sceleribus
592 353 914 396 absterreantur.
976 353 1092 409 Quae
1124 355 1301 397 Animae
1322 355 1367 396 in
1385 332 1495 363 mato,

156 431 238 474 hac
273 432 361 474 vita
402 431 718 484 Philosophiam
753 441 847 472 vere
883 441 1139 483 tractarunt,
1171 443 1301 483 seque
1323 431 1368 473 in

155 508 341 550 veritatis
365 506 719 560 contemplatione
744 516 1048 558 exercuerunt,
1081 517 1121 548 et
1156 520 1178 547 a
1212 520 1369 560 corpo·

158 594 316 625 reatum
343 583 606 635 voluptatum
630 582 883 636 contagione
905 593 1029 634 puras
1050 592 1271 634 castasque
1282 594 1367 624 ser·

153 669 388 710 vaverunt,
418 659 494 701 hae
530 659 659 712 igitur
693 667 860 704 manent
894 658 1004 710 apud
1039 659 1185 709 De05,
1216 670 1291 700 nec
1325 659 1368 701 in

156 735 349 788 Corpora
375 737 561 777 redeunt.
622 734 745 789 Quae
776 747 875 776 vero
911 734 1045 787 magis
1079 733 1248 776 affectae
1278 733 1371 776 fue.

156 823 255 853 runt
283 811 463 865 peccatis
490 821 531 852 et
565 811 835 863 voluptatum
865 811 1144 865 contagione,
1175 811 1249 853 hae
1272 823 1371 864 pur·

157 895 309 940 gantur
329 886 510 939 primum
533 896 572 926 et
596 897 753 938 poenas
776 887 898 938 dant3
916 886 1093 938 praemia
1113 896 1246 928 tamen
1265 898 1384 938 quo-¹

158 974 241 1014 que
273 962 486 1014 accipiunt
505 992 520 1013 ,
553 961 589 1002 si
618 963 720 1014 quid
745 962 849 1004 bene
878 961 1051 1004 fecerint
1075 962 1118 1006 in
1152 963 1230 1004 hac
1254 965 1371 1006 vita:

154 1038 229 1080 secl
251 1046 349 1089 post
374 1037 547 1091 longum
573 1049 778 1080 annorum
807 1038 1031 1081 circuitum
1055 1037 1106 1078 ad
1129 1049 1242 1080 nova
1264 1038 1375 1079 Cor-

154 1126 256 1166 pora
287 1114 486 1164 redeunt,
519 1114 575 1154 ita
609 1122 656 1154 ut
681 1113 800 1166 optio
828 1114 985 1166 cuique
1013 1113 1133 1155 detur
1159 1114 1384 1173 quodnam>

156 1190 266 1230 vitae
302 1201 432 1240 genus
470 1189 619 1241 eligere
654 1190 772 1232 velit.
832 1189 952 1233 Hanc
977 1189 1104 1234 vitam
1130 1189 1272 1241 prouti
1305 1190 1373 1231 vel

159 1276 255 1305 cum
282 1264 438 1305 virtute
461 1264 526 1304 vel
552 1274 646 1305 cum
673 1263 790 1309 vitiis
813 1264 1000 1316 degerit,
1033 1263 1088 1305 ita
1108 1264 1245 1305 denuo
1273 1264 1374 1315 post

153 1339 363 1393 Corporis
392 1349 568 1381 mortem
591 1339 626 1380 ei
654 1338 741 1382 fiet.
804 1338 853 1382 ln
879 1340 1058 1392 primum
1085 1349 1125 1382 et
1148 1341 1385 1393 antiquum

157 1416 374 1459 felicitatis
397 1425 551 1457 statum
579 1417 694 1458 nulla
721 1415 824 1457 redit
848 1416 1025 1466 Anima,
1057 1416 1141 1457 nisi
1168 1429 1273 1468 quae
1300 1431 1373 1468 per

159 1491 477 1544 Philosophiam
503 1504 548 1532 se
575 1492 625 1533 ab
650 1493 765 1534 omni
789 1503 925 1537 rerum
950 1503 1242 1544 corporearum
1267 1504 1371 1539 con·-

154 1568 321 1621 tagione
344 1566 634 1620 purgaverit.”
1303 1626 1305 1628 q

210 1647 276 1697 De
308 1657 480 1687 numero
514 1657 750 1696 annorum,
782 1658 868 1698 quo
892 1645 1099 1692 circuitus
1123 1646 1370 1695 Animarum

159 1723 428 1772 absolvatur,
459 1719 579 1763 Plato
606 1721 687 1763 sibi
712 1733 799 1763 non
821 1731 1015 1774 constat3
1050 1734 1144 1764 nam
1165 1721 1259 1765 aliis
1278 1723 1381 1774 mil-2

157 1799 224 1847 le,
256 1797 349 1838 aliis
372 1797 451 1838 tria
477 1797 637 1848 millia,
663 1798 757 1839 aliis
782 1798 922 1839 decem
958 1797 1089 1844 millia
1115 1797 1290 1851 tribuit3
1325 1807 1373 1840 ut

154 1871 279 1914 facile
300 1882 491 1924 appareat
506 1902 519 1923 ,
540 1884 631 1915 eum
647 1872 696 1915 de
711 1883 886 1913 numero
910 1872 969 1915 nil
996 1871 1098 1913 certi
1120 1873 1371 1916 constituis-

158 1966 217 1995 se.
279 1952 483 1994 Rationes
509 1961 644 1993 autem
671 1951 830 2003 quibus
852 1950 1246 2004 Metempsychosin
1269 1965 1382 1994 con--

157 2027 341 2070 firmavit
358 2058 372 2079 ,
397 2030 690 2081 intelliguntur
711 2039 806 2068 cum
832 2039 879 2067 ex
905 2029 998 2068 tota
1022 2028 1213 2074 doctrina
1238 2037 1278 2075 et
1300 2042 1372 2083 sy-

157 2114 334 2146 stemate
353 2103 540 2146 Platonis
559 2133 574 2156 ,
607 2112 695 2145 tum
721 2115 769 2145 ex
794 2102 1076 2155 peculiaribus
1095 2104 1220 2150 locis.
1282 2106 1373 2151 Ne-

160 2189 243 2229 que
268 2179 375 2219 enim
418 2179 474 2220 ita
499 2179 609 2220 nude
631 2189 671 2220 et
705 2178 953 2232 simpliciter
976 2179 1119 2230 posuit
1144 2180 1254 2224 illam
1275 2193 1373 2228 sen-

161 2253 363 2306 tentiam,
396 2255 537 2306 prouti
570 2254 868 2308 Pythagorici:
901 2256 973 2298 sed
1006 2255 1095 2311 ejus
1125 2269 1296 2302 caussas
1321 2269 1372 2304 ex

158 2327 255 2380 ipsa
281 2331 427 2371 natura
453 2332 600 2374 Animi
628 2332 832 2385 explicare
856 2333 1036 2375 studuit.
1092 2332 1242 2383 „Nam
1266 2335 1374 2380 Ani-

164 2415 231 2445 ma
252 2435 265 2455 ,
295 2404 447 2457 prioris
472 2407 581 2450 vitae
605 2408 909 2452 consuetudine
935 2409 986 2452 ad
1008 2411 1275 2463 voluptatum
1301 2424 1375 2456 cu-

161 2482 377 2543 piditatem
403 2485 629 2541 adstricta,
662 2495 813 2540 sponte
837 2487 998 2538 quaerit
1023 2490 1231 2547 ejusmodi
1265 2489 1379 2533 Cora

744 2563 814 2621 ep
856 2575 881 2620 3
1257 2575 1373 2622 pue,
