1693 3110
177 180 207 190 '‘
430 173 1163 225 ADLYNDENUM.
1321 185 1416 234 ης»

244 302 428 349 LYND.
481 304 547 347 Te
592 314 644 346 ne
688 313 888 354 umquam
925 301 1004 343 ista
1025 299 1131 344 febri
1157 299 1403 344 laborasse!

185 383 377 437 equidem
401 394 488 424 non
511 390 696 434 putaram
716 409 732 430 ,
764 388 962 431 reputans
992 387 1104 420 tuam
1123 409 1138 430 ,
1166 390 1271 430 quae
1291 391 1404 422 nunc

190 470 258 503 est
274 490 289 511 ,
312 468 351 501 et
375 456 501 500 animi
525 453 871 506 tranquillitatem
891 483 905 504 ,
929 463 966 494 et
990 453 1145 505 ingenii
1169 452 1410 506 lenitatem3

187 546 437 589 quamquam
473 541 513 573 te
546 528 889 582 Metapbysicam
923 527 1119 570 docuisse
1157 540 1205 570 ac
1239 527 1411 571 dictatis

181 607 492 662 conscripsisse
512 605 621 648 scio.

243 684 320 726 W.
367 683 504 739 Quam
532 691 580 724 tu
616 680 721 723 mihi
758 678 911 723 tribuis
949 679 1039 721 sive
1078 681 1319 734 lenitatem,
1354 681 1411 724 si-

183 773 237 806 ve
261 759 638 814 tranquilitatem,
668 758 816 799 vellem
842 769 886 799 ea
909 757 953 799 in
982 770 1047 800 me
1071 767 1185 800 tanta
1211 758 1365 800 inesset
1383 789 1400 811 ,

186 849 342 894 quanta
377 837 453 880 tibi
488 836 679 878 videtur:
726 847 978 888 quamquam
1020 844 1154 877 aetate
1187 845 1227 876 et
1263 836 1408 878 studio

187 928 254 959 me
290 915 343 957 ad
378 926 463 955 eam
495 914 756 964 aliquantum
797 909 1033 966 profecisse
1069 909 1181 952 haud
1215 910 1410 955 diffiteor,

185 993 320 1050 Quod
341 1002 475 1034 autem
500 993 550 1034 de
572 991 678 1033 febri
710 991 825 1043 dixi,
859 992 914 1032 ita
938 999 1026 1043 est,
1058 990 1284 1044 Lyndene:
1311 993 1414 1034 ado.

186 1070 448 1113 lescentulus
478 1068 688 1111 Wolfiana
711 1067 820 1110 febri
847 1067 1060 1110 laboravi:
1101 1068 1206 1119 quid
1231 1068 1410 1111 facerem

186 1147 259 1189 illa
283 1157 441 1200 aetate,
472 1149 676 1200 abreptus
700 1155 816 1187 aestu
841 1144 998 1186 saeculi
1021 1155 1060 1185 et
1085 1146 1279 1198 exemplo
1304 1157 1410 1187 con-

184 1225 527 1278 discipulorum:
571 1236 708 1276 neque
739 1232 877 1266 tamen
922 1223 1184 1264 vehementer
1212 1253 1227 1274 ,
1270 1235 1409 1276 neque

185 1301 288 1354 diu,
309 1301 522 1343 laboravi:
546 1313 644 1342 mox
669 1299 776 1340 enim
802 1299 1036 1340 succedens
1059 1296 1294 1339 Literarum
1317 1309 1409 1339 stu·

184 1377 302 1420 dium
325 1385 367 1418 et
390 1376 516 1417 lectio
541 1385 728 1417 veterum
748 1406 764 1427 ,
797 1374 974 1416 maxime
992 1373 1181 1415 Platonis
1197 1404 1212 1424 ,
1234 1373 1409 1415 Cicero·

185 1455 288 1506 nis,
316 1453 562 1505 Plutarchi,
595 1451 746 1494 mentis
773 1451 1045 1506 agitationem
1077 1451 1128 1490 ab
1163 1451 1411 1492 incitatione

187 1533 238 1575 ad
268 1531 444 1573 rationis
469 1531 686 1573 sanitatem
713 1529 900 1582 redegit,
931 1537 972 1568 et
995 1528 1046 1568 ad
1080 1539 1174 1566 eum
1203 1535 1408 1578 tempera-

187 1605 253 1648 vit
278 1607 477 1658 modum,
509 1614 558 1646 ut
581 1614 703 1646 sexto
726 1615 826 1657 post
851 1604 970 1644 illum
1004 1615 1115 1644 anno
1144 1601 1411 1657 Metaphysi-

189 1692 279 1723 cam
311 1681 461 1722 docere
490 1680 671 1733 Jussus,
701 1680 752 1719 ad
777 1678 868 1731 ejus
904 1677 1198 1718 institutiones
1221 1675 1410 1717 conscri-

188 1755 344 1797 bendas
369 1755 516 1807 potius
543 1754 804 1795 severitatem
835 1752 994 1807 judicis
1010 1781 1024 1804 ,
1048 1764 1175 1804 quam
1199 1754 1407 1806 cupidita·

186 1842 269 1875 tem
291 1831 520 1882 amatoris,
551 1829 772 1873 adferrem.

751 1983 835 2028 ΙΙ.

241 2141 335 2185 ΡΗ.
375 2140 539 2183 Vellem
569 2139 776 2182 edidisses
815 2138 929 2182 hunc
958 2138 1180 2193 libellum,
1213 2150 1260 2182 ut
1290 2151 1413 2185 antea¹

187 2216 397 2269 Logicum
413 2246 430 2268 ,
462 2228 584 2269 quem
608 2216 786 2258 libenter
811 2216 908 2269 legi.

246 2293 321 2336 W.
367 2294 561 2335 Fortasse
587 2292 734 2335 faciam
770 2293 1027 2346 aliquando,
1057 2293 1181 2347 eique
1206 2296 1408 2340 comitem

188 2369 332 2410 addam
367 2369 532 2420 aliquot
570 2370 677 2412 locis
712 2380 883 2412 auctum
918 2382 1242 2426 correctumque
1273 2373 1408 2423 Logi-

188 2458 284 2488 cum
325 2446 543 2496 libellum,
583 2449 658 2498 qui
700 2448 782 2499 iam
821 2446 894 2488 diu
930 2460 979 2489 ex
1008 2450 1191 2492 librariis
1220 2453 1404 2494 tabernis

189 2521 376 2567 evanuit.
438 2520 550 2564 Illud
577 2534 750 2575 quoque
783 2521 995 2578 fortasse,
1033 2537 1191 2579 partem
1218 2527 1410 2581 Psycbo·

1354 2607 1420 2652 lo-
