1693 3110
440 187 784 241 PHAEDONIS
825 185 1171 235 PLATONICI.
1339 200 1423 248 127

226 350 230 351 ν
256 319 376 375 Ergo
400 318 593 361 videmus
613 315 827 358 Platonem
850 313 1015 368 egregie
1036 312 1233 356 meritum
1258 324 1352 356 esse
1373 314 1427 358 de

202 397 395 443 doctrina
419 390 784 443 Immortalitatis,
817 401 992 443 eamque
1027 402 1115 434 non
1152 399 1316 434 tantum
1337 392 1434 435 elo-

203 476 377 530 quentia
410 474 462 518 ad
497 470 776 525 plurimorum
818 467 1041 510 adsensum
1066 467 1330 520 celebrasse,
1359 468 1435 512 sed

201 551 459 608 argumentis
484 557 656 600 quoque
677 543 978 587 confirmasse:
1009 556 1192 597 quorum
1211 557 1434 599 argumen-

204 639 376 678 torum,
407 622 613 667 nonnulla
639 629 740 663 sunt
765 619 885 662 valde
920 619 1184 672 probabilia,
1223 621 1433 663 nonnulla

208 699 459 743 obscuriora
477 728 491 750 ,
524 697 596 739 sed
621 707 728 749 quae
750 704 890 737 tamen
912 695 1037 747 quasi
1060 695 1220 745 semina
1241 696 1439 740 contine-

202 786 298 828 ant,
322 775 480 828 quibus
508 771 746 815 excolendis
770 770 1030 824 posteriores
1053 771 1307 825 Philosophi
1330 771 1433 812 huic

203 850 423 893 doctrinae
452 850 650 903 majorem
690 845 931 888 firmitatem
954 845 1254 900 adjunxerunt.
1314 847 1442 889 Cete-

206 939 299 969 rum
316 953 333 977 ,
363 925 503 978 qualis
527 934 637 966 esset
661 923 730 965 ille
754 933 855 975 post
889 924 996 967 hanc
1023 923 1153 966 vitam
1185 932 1351 977 status,
1382 925 1438 967 ab

204 1006 253 1047 ea
280 1003 451 1056 quidem
476 1011 595 1055 parte
619 1000 898 1054 probabiliter
921 999 1210 1055 significavit,
1242 1011 1290 1043 ut
1311 1001 1438 1044 intel-

203 1081 389 1135 ligatur,
420 1078 534 1122 bom‘s
558 1078 681 1129 bene,
713 1077 839 1119 malis
864 1076 1005 1130 male,
1026 1077 1266 1131 futurum:
1281 1077 1436 1128 felici-

206 1163 338 1198 tatem
362 1155 586 1197 consistere
608 1156 656 1195 in
689 1156 876 1197 veritate
900 1162 941 1195 et
969 1154 1134 1195 virtute
1149 1185 1164 1207 ,
1202 1155 1250 1194 in
1279 1166 1432 1196 earum

210 1234 432 1275 contrario
460 1233 644 1287 positam
683 1244 764 1272 esse
794 1230 1117 1284 infelicitatem.
1187 1230 1309 1285 Quae
1339 1242 1441 1274 vero

208 1309 288 1350 alia
305 1307 572 1361 peculiariter
589 1317 795 1361 praeterea
814 1309 864 1350 de
881 1308 964 1350 hoc
984 1317 1099 1350 statu
1126 1307 1346 1361 prodidit,
1364 1319 1439 1361 ea,

210 1392 259 1425 ut
284 1383 442 1426 incerta
468 1393 508 1424 et
534 1385 745 1437 obscura,
776 1396 862 1426 non
885 1383 971 1426 nisi
1004 1383 1057 1427 ad
1090 1382 1260 1427 fabulae
1294 1383 1444 1427 vensi-¹

208 1458 493 1504 militudinem
521 1460 728 1503 adducere
755 1460 937 1505 studuit.

752 1632 908 1650 η

267 1763 401 1819 Quod
432 1772 574 1805 autem
608 1763 651 1805 in
680 1772 774 1806 tota
801 1765 871 1808 illa
893 1765 1202 1820 Disputatione
1237 1765 1444 1812 Animum

214 1850 256 1881 et
285 1842 484 1882 Animam
518 1841 764 1894 promiscue
789 1854 1022 1896 usurpasse
1040 1844 1258 1897 videmur3
1277 1858 1328 1887 ne
1349 1846 1449 1898 quis

211 1915 323 1958 forte
348 1916 425 1957 hac
454 1918 709 1971 synonymia
747 1919 971 1973 turbetur,
1004 1921 1068 1964 sic
1108 1921 1276 1964 habeat.
1335 1922 1450 1966 Nam

211 2001 398 2045 utroque
431 1994 604 2036 nomine
646 1996 827 2038 eamdem
862 1997 1031 2048 quidem
1064 2009 1149 2039 rem
1188 1998 1448 2052 significavi-

212 2082 336 2123 mus,
365 2073 437 2113 sed
457 2072 600 2115 habita
621 2075 785 2117 ratione
804 2077 1018 2120 varietatis
1037 2077 1292 2122 facultatum
1308 2111 1322 2133 ,
1348 2091 1445 2134 par-

212 2148 350 2200 tium,
382 2149 660 2204 qualitatum,
693 2152 1015 2198 attributorum.
1075 2154 1135 2197 Et
1162 2159 1323 2199 Anima
1350 2157 1448 2209 qui·

214 2226 306 2267 dem
332 2233 395 2267 est
417 2234 554 2268 totum
579 2227 715 2280 illud,
748 2229 959 2282 quidquid
985 2239 1049 2272 est
1067 2262 1080 2284 ‚
1113 2231 1232 2284 quod
1257 2232 1301 2274 in
1321 2230 1449 2274 nobis

218 2301 405 2355 cogitat,
436 2306 594 2357 sentit,
627 2306 742 2360 agit,
768 2308 934 2359 appetit
952 2338 967 2359 ‚
991 2306 1075 2350 sibi
1097 2308 1165 2350 sui
1189 2308 1454 2360 aliarumque

225 2389 360 2419 rerum
386 2382 610 2424 conscium
646 2393 731 2425 est:
773 2395 907 2437 genus
932 2396 1081 2427 omnes
1106 2396 1308 2437 naturas,
1340 2385 1370 2427 i.
1404 2395 1444 2426 e.

224 2454 487 2497 substantias
511 2459 747 2512 cogitantes
764 2490 779 2512 ,
800 2462 1113 2514 complectens:
1131 2463 1306 2505 Graecis
1326 2463 1449 2517 ψυχὴ

227 2530 385 2574 dicitur
399 2562 414 2586 ,
426 2542 552 2588 atque
570 2536 772 2581 omnibus
793 2537 996 2582 tribuitur
1007 2539 1306 2592 Animalibus,
1320 2539 1448 2594 ζώοις·

1342 2611 1455 2658 kiaec
