1693 3110
458 197 520 241 G.
559 195 613 241 L.
657 193 1191 244 WASSENAERII.
1360 202 1449 250 31³

219 330 336 367 etam
356 352 369 373 ‚
403 331 550 362 rursus
576 317 675 370 legit
697 316 748 358 ab
772 315 897 359 initio
920 318 970 359 ad
996 316 1145 370 finem,
1178 317 1202 361 a
1233 328 1296 359 me
1316 329 1437 371 roga-

224 405 324 447 ως,
357 404 404 435 ut
434 404 652 446 operarum
682 392 827 436 menda
851 402 1043 444 notaret3
1074 394 1125 434 acl
1157 394 1273 445 quod
1299 404 1433 446 genus

225 472 431 525 singulari
458 470 679 513 oculorum
717 469 1076 522 cogitationisque
1107 470 1342 511 intentione
1368 481 1441 510 va·

221 549 350 592 lebat.
420 547 543 599 Opus
578 545 890 598 perhumaniter
925 557 1112 598 recepit,
1153 547 1355 589 affirmans
1394 557 1441 588 se

220 623 268 666 'id
304 632 383 664 tam
419 621 519 672 sui,
553 632 678 673 quam
717 620 796 662 mei
831 632 982 668 caussa
1012 620 1171 675 facere3
1212 633 1305 663 esse
1329 623 1445 665 enim

221 698 434 742 bonorum
470 696 672 739 librorum
699 697 920 740 lectionem
952 697 1164 752 eJ'usmodi
1193 700 1440 750 negotium,

221 786 274 816 nt
306 775 389 816 sibi
429 775 576 816 iterum
602 778 840 827 iterumque
874 775 1048 824 repetita
1083 786 1246 826 semper
1280 785 1445 817 novum.

223 848 525 903 intelligentiae
551 850 861 902 suavitatisque
883 848 1071 892 fructum
1100 850 1295 895 adferret.

284 927 485 981 Ejusdem
515 927 643 970 officii
680 926 1009 979 humanitatem,
1046 939 1143 969 cum
1179 928 1309 969 sociis
1339 938 1447 970 con·

227 1003 451 1054 discipulis
496 1003 748 1055 nonnullis,
780 1003 880 1045 mihi
918 1004 1127 1055 praestitit
1157 1005 1200 1046 in
1231 1004 1447 1045 Philoma-

223 1079 337 1122 thiae
360 1078 472 1121 libro
499 1080 706 1125 secundo.
767 1078 893 1134 Quos
924 1080 961 1120 si
988 1080 1040 1122 ad
1065 1089 1250 1131 primum
1278 1079 1375 1120 item
1401 1086 1444 1120 et

226 1154 334 1195 alios
371 1153 612 1205 superiores
648 1164 822 1196 nostros
856 1154 988 1196 libros
1010 1154 1205 1195 adhibere
1227 1154 1450 1206 potuisse-

225 1239 352 1277 mus,
382 1226 540 1269 invidis
574 1237 614 1268 et
646 1228 1009 1270 obtrectatoribus
1042 1228 1233 1279 nostriS,
1280 1228 1449 1269 menda-

223 1316 316 1353 rum
353 1305 753 1362 typographicarum
804 1306 1077 1359 aucupibus,
1118 1305 1447 1359 reprehendendi

227 1380 518 1432 peccandique
546 1381 759 1423 materiam
788 1383 1151 1435 praecidissemus.
1193 1382 1449 1434 Caeterum,

226 1455 272 1498 in
300 1458 443 1498 eodem
468 1457 775 1500 Philomathiae
801 1460 912 1501 libro
937 1461 1124 1501 secundo
1148 1462 1200 1506 ab
1225 1470 1446 1511 operarum

227 1532 444 1578 erroribus
483 1534 704 1585 purgando
732 1545 906 1575 versans
928 1563 943 1584 ,
974 1534 1289 1585 animadvertit,
1322 1545 1450 1585 quae-

228 1606 323 1652 dam
361 1607 655 1650 Sanctocrucii
693 1611 848 1662 scripta
883 1621 949 1651 me
986 1609 1177 1664 fugisse,
1217 1622 1449 1662 eorumque

228 1683 425 1729 notitiam
462 1684 568 1725 mihi
605 1686 664 1726 nil
693 1686 774 1727 tale
810 1686 1071 1739 exspectanti
1112 1687 1226 1727 ultro
1260 1686 1446 1738 obtulit;

226 1771 333 1812 quae
356 1759 380 1802 a
404 1770 469 1801 me
491 1761 659 1811 prodita
679 1762 762 1815 (p.
784 1763 882 1814 263.
910 1762 1048 1815 (*))
1075 1762 1276 1803 omnibus
1295 1762 1444 1805 harum

222 1847 361 1879 rerum
390 1835 727 1888 intelligentibus
753 1837 1011 1881 documento
1031 1850 1096 1880 est
1116 1840 1344 1892 singularis
1372 1849 1448 1889 cup

226 1922 296 1958 rae
319 1923 367 1953 ac
392 1910 667 1965 diligentiae,
698 1924 783 1966 qua
815 1926 962 1957 omnes
998 1915 1132 1957 libros
1166 1917 1375 1970 perlegere
1404 1922 1447 1958 et

224 1999 443 2040 excerpere
466 1997 760 2035 consueverat,

219 2106 222 2109 Δ
286 2065 447 2107 Selecta
479 2074 623 2108 nostra
653 2064 898 2118 principum
929 2063 1246 2108 Historicorutn
1268 2066 1353 2120 J‘am
1375 2065 1452 2110 ali·

231 2143 404 2196 quoties
425 2146 576 2197 legerat
592 2172 607 2196 ,
640 2156 772 2196 quum
797 2156 946 2187 rursus
971 2156 1016 2189 ea
1037 2145 1172 2198 legere
1191 2146 1450 2199 constituit,

230 2230 274 2262 et
305 2221 477 2273 primam
516 2232 615 2263 cum
638 2222 764 2264 altera
799 2221 982 2268 editione
1016 2220 1225 2270 conferre.
1285 2221 1382 2278 Qua
1406 2221 1451 2264 in

233 2296 415 2341 lectione
440 2309 527 2340 non
560 2298 689 2341 modo
716 2298 820 2351 quid
847 2298 891 2340 in
916 2298 1070 2351 rebus,
1100 2299 1174 2342 sed
1195 2302 1319 2342 etiam
1349 2299 1453 2352 quid

236 2370 281 2413 in
311 2370 476 2414 Latinis
499 2374 638 2416 verbis
664 2384 870 2417 mutatum
899 2386 1041 2429 esset,
1069 2377 1449 2427 animadvertebat,

235 2446 417 2507 ejusque
438 2449 637 2494 rationem
665 2452 688 2497 a
714 2463 778 2493 me
797 2451 1058 2504 exquirebat.
1114 2453 1219 2496 Erat
1238 2452 1346 2498 enim
1371 2451 1455 2498 La-

1399 2523 1455 2575 n.-

281 2596 378 2647 (Ὀ
406 2596 559 2654 [Hujus
586 2603 736 2644 Volunt,
764 2614 802 2656 p.
825 2614 895 2651 242
912 2631 924 2651 ‚
951 2600 1039 2655 ΒΨ]
