1693 3110
341 182 432 237 342
637 170 1244 221 DISPUTAT'IO

130 303 323 367 Ι,εέοιζιῐι
347 303 530 346 Ionicam
570 308 610 342 et
641 298 864 354 physicam
901 299 1100 342 rationem
1134 300 1324 344 traducta
1363 309 1440 347 est.
1497 298 1555 349 I'n·

117 357 314 444 ἐξέξὲἓζξ
345 380 492 435 primis
521 379 562 420 in
590 390 639 420 eo
660 376 820 431 placito
843 377 1130 420 confirmando
1156 378 1382 421 elaboravit
1407 411 1423 433 ,
1455 381 1554 424 Om.

122 450 197 476 ’κδ’
342 460 418 499 m'a
452 468 535 497 esse
571 467 732 507 zmum,·
776 453 819 495 in
858 465 946 506 quo
981 453 1254 495 eum‘studio
1289 451 1550 498 Parmenides

338 544 388 576 ‘ac
435 534 552 574 Zeno
593 530 728 573 secuti
779 539 896 573 sunt.
928 543 930 545 ·
962 529 1028 572 De
1070 529 1228 573 Anima
1269 530 1368 582 quid
1413 543 1552 574 sense-

339 611 426 663 rit,
468 621 556 652 non
595 607 697 649 satis
730 615 915 649 constat.
987 605 1123 647 Unam
1160 606 1320 658 reperio
1352 606 1554 648 brevissi-

340 697 448 731 mam
487 686 616 741 hnjus
642 685 698 727 rei
727 683 980 726 mentionem
1013 681 1125 736 apud
1161 680 1389 736 Diogenem
1425 681 1556 724 Laer-

339 766 446 807 tium
471 763 546 805 IX.
578 776 641 817 19.
683 793 719 815 ,‚
748 761 950 803 Animam
983 770 1066 801 esse
1090 758 1314 811 πνεῦμοι”ε
1347 770 1450 809 quae
1468 769 1552 800 vox

339 853 428 884 :non
450 838 690 891 accipienda
711 847 774 879 est
794 848 843 877 ex
868 848 946 878 usu
967 835 1344 877 Alexandrinorum
1364 845 1404 877 et
1428 833 1554 878 Chri.

340 916 572 958 stianorum
591 943 608 964 ‚
627 914 701 966 qui
723 923 869 966 postea
894 911 1088 954 invaluit.
1121 911 1272 963 Neque
1291 911 1411 953 etiam
1438 922 1557 964 aper-

339 1000 430 1032 tum
462 1003 553 1041 est,
585 1002 659 1031 nec
683 989 846 1031 monuit
870 988 1111 1042 Diogenes,
1143 988 1245 1040 quid
1269 988 1550 1041 Xenophanes

302 1052 306 1059 ’
338 1080 448 1110 voce
484 1073 645 1120 πνεῦμα
680 1065 997 1120 significaverit.
1060 1064 1286 1116 Ceterum,
1319 1076 1449 1116 quum
1480 1076 1553 1105 co-

337 1144 431 1197 gito
468 1144 517 1183 de
553 1141 846 1184 convenientia
873 1140 1147 1194 Xenophanis
1173 1151 1269 1181 cum
1295 1139 1480 1191 Ionicis,
1510 1148 1552 1181 et

336 1228 436 1262 'cum
471 1218 686 1259 Heraclito
719 1230 766 1258 ac
797 1216 986 1267 Stoicis,
1019 1217 1093 1268 qui
1127 1218 1318 1258 Animam
1359 1216 1554 1257 similiter

338 1292 646 1343 definiverunt3
689 1291 854 1332 videtur
887 1289 990 1329 mihi
1026 1293 1254 1344 πνεύματος
1288 1293 1457 1333 nomine
1493 1291 1553 1332 si.

338 1370 588 1429 gnificasse,
622 1376 783 1409 motum
811 1366 947 1417 aeris,
979 1378 1052 1407 seu
1078 1377 1263 1408 naturam
1291 1380 1341 1408 ex
1369 1366 1554 1409 Univer-

338 1448 376 1489 εἰ
409 1445 562 1486 Anima
607 1444 875 1494 decerptam,
929 1442 1126 1483 movendi
1159 1441 1355 1485 facultate
1392 1444 1551 1497 praedi-

337 1532 420 1565 tam
443 1535 454 1564 :
488 1530 532 1560 ut
561 1520 665 1561 adeo
696 1518 796 1558 huic
819 1517 980 1570 placito
1003 1529 1266 1570 consequens
1290 1517 1412 1559 fuerit
1445 1518 1553 1561 Am·-

338 1613 452 1640 mam
481 1611 560 1638 non
595 1609 687 1638 cum
725 1605 897 1650 corpore
931 1595 1130 1637 interire.
1191 1595 1354 1637 Diserta
1382 1596 1551 1648 quidem

336 1677 388 1718 de
411 1672 730 1717 Immortalitate
755 1671 957 1712 sententia
982 1670 1257 1723 Xenophanis
1280 1683 1366 1713 non
1388 1681 1550 1724 exstat,

336 1762 378 1794 et
415 1764 466 1793 ex
496 1750 642 1792 multis
678 1749 767 1803 eJ‘us
798 1749 847 1789 de
871 1746 1149 1800 Philosophi-³.
1185 1748 1442 1791 carminibus
1462 1761 1551 1807 non

336 1829 423 1872 nisi
444 1827 700 1882 paucissima
726 1824 957 1878 fragmenta
983 1834 1140 1866 servata
1163 1834 1276 1868 sunt.

149 1928 315 1963 Parmeni·
389 1905 533 1959 Hujus
562 1902 796 1955 discipulus
832 1914 855 1942 p
874 1915 902 1944 A
921 1913 949 1943 R
967 1914 1043 1943 ME
1061 1913 1091 1943 N
1108 1914 1202 1944 IDE
1220 1915 1241 1943 s
1284 1911 1494 1954 acceptam
1525 1914 1552 1944 a

111 1974 184 2009 ⁸³⁶⁸·
335 1980 537 2035 magistro
574 1976 805 2019 doctrinam
831 1976 978 2029 paucis
1008 1977 1115 2018 Iocis
1137 1977 1404 2029 immutavit,
1437 1988 1549 2019 cete·

335 2071 428 2102 rum
460 2056 596 2109 ipsius
632 2055 821 2107 exemplo
845 2052 1109 2095 'carminibus
1149 2053 1405 2096 illustravit:
1438 2067 1549 2106 quo-

335 2147 428 2178 rum
452 2131 566 2175 nulla
593 2142 687 2182 pars
716 2129 874 2181 integra
910 2129 960 2170 ad
994 2137 1178 2170 nostram
1212 2128 1325 2169 venit
1355 2137 1545 2170 aetatem.

338 2209 420 2252 Sed
443 2219 550 2257 nOS,
583 2204 754 2246 omissis
780 2203 952 2254 reliquis
982 2202 1075 2244 Viri
1107 2203 1269 2255 placitis
1288 2234 1303 2256 ,
1333 2205 1548 2248 videamus

339 2275 391 2326 de
414 2282 493 2333 iis,
527 2293 632 2333 quae
661 2281 713 2322 ad
744 2289 930 2322 nostram
962 2279 1286 2333 disputationem
1321 2282 1552 2333 pertinent.'

339 2362 550 2414 Diogenes
575 2358 766 2399 LaertIus
781 2357 858 2399 lx.
887 2369 934 2399 21
955 2386 970 2408 ,
1005 2369 1073 2399 22.
1109 2356 1233 2398 refert
1259 2369 1350 2398 eum
1374 2357 1547 2399 statuis·

339 2450 386 2481 se
456 2467 490 2488 „
520 2435 616 2476 Duo
653 2448 734 2475 csse
774 2433 1023 2484 Elementa,
1067 2432 1209 2487 Ignem
1244 2448 1294 2476 ac
1336 2433 1546 2476 Terram:

339 2514 483 2573 Ignem
523 2510 709 2570 opificis,
749 2526 847 2565 scu,
887 2523 1059 2554 caussae
1090 2512 1323 2567 efficientis,
1365 2508 1544 2552 Terram'

1455 2600 1549 2629 ma-
