1693 3110
426 202 1199 270 SANcTocRUCIt.
1343 210 1462 263 23⁴ae

218 330 522 382 Disputatione
544 329 594 371 de
613 325 863 369 numinibus
888 327 1052 371 CereriS
1073 336 1114 369 et
1130 327 1436 382 Proserpinae,

217 408 422 462 singulari
445 408 552 448 libro
570 404 711 446 fusius
742 404 1070 457 diligentiusque
1096 405 1319 456 tractavit,
1349 403 1438 445 edi-

219 492 267 525 to
290 484 461 525 Parisiis
503 495 539 524 a.
573 477 1011 532 MDCCLXXXIV,
1043 479 1178 522 forma
1201 479 1433 524 octonaria.

221 560 358 616 Quem
397 559 550 600 librum
580 568 710 609 quum
733 554 1007 598 Villoisonus
1028 557 1230 598 edendum
1257 555 1438 608 recepis-

221 648 317 689 set,
349 637 411 679 sic
444 635 601 688 edidit,
636 645 683 677 ut
719 635 808 688 ipse
836 636 885 676 de
922 635 1004 676 hoc
1038 645 1286 689 argumento
1317 649 1436 678 com·

217 712 464 756 mentarium
516 712 746 764 scriberet,
789 712 1091 754 commentario
1143 711 1438 756 Sanctocrucii

215 789 410 842 adjiceret
457 797 583 840 atque
613 787 901 839 intersereret,
940 800 1121 840 eumque
1163 787 1248 829 fere
1281 789 1461 830 obrue--

219 873 296 904 ret.
353 861 483 916 Quod
508 874 593 903 non
621 863 712 904 sine
736 863 898 904 ratione
920 875 1037 916 aegre
1056 864 1156 904 tulit
1180 864 1438 906 Sanctocru-

219 940 314 979 cius
336 951 347 980 :
383 947 423 978 et
449 936 742 991 improbarunt
775 939 894 980 etiarn
921 951 1166 982 communes
1188 940 1312 982 amici
1342 940 1440 982 Vil-

220 1012 466 1064 loisonum,
500 1013 575 1065 qui
606 1022 768 1054 tantum
794 1012 875 1054 sibi
895 1014 1004 1067 juris
1030 1014 1072 1055 in
1097 1015 1233 1056 alieno
1257 1016 1440 1058 sumsis-

221 1099 285 1131 set
312 1102 462 1142 opere;
497 1090 692 1143 quamvis
717 1099 922 1131 caeterum
951 1102 1037 1131 non
1060 1089 1269 1143 ingratum
1295 1091 1346 1133 iis
1369 1103 1438 1133 ac-

220 1165 414 1219 cidebat,
447 1167 574 1220 hujus
608 1166 771 1219 copiam
804 1179 899 1207 cum
934 1167 1047 1208 illius
1082 1167 1339 1220 philosopha
1374 1182 1440 1212 ra-

220 1242 337 1284 tione
360 1244 629 1297 conjunctam
662 1253 840 1284 exstare.
904 1243 1005 1284 Fuit
1031 1244 1129 1285 haec
1163 1244 1267 1285 levis
1305 1244 1440 1288 offen-

219 1318 444 1369 siuncula,
477 1330 601 1370 quam
640 1318 867 1370 utriusque
893 1331 990 1360 mox
1017 1318 1194 1371 lenitas,
1226 1330 1266 1361 et
1294 1321 1440 1362 amici·

218 1395 301 1436 tiae
325 1404 485 1436 mutuis
513 1395 661 1437 officiis
683 1406 724 1437 et
747 1395 986 1437 studiorum
1011 1398 1312 1440 communione
1334 1412 1442 1441 con-

218 1471 403 1514 firmatae
442 1471 687 1525 integritas,
720 1472 977 1514 obliteravit.
1036 1472 1084 1515 In
1115 1474 1213 1516 haee
1248 1483 1439 1526 tempora

219 1547 457 1589 inciderunt
490 1547 591 1587 aliae
626 1547 912 1598 scriptiones:
945 1549 1050 1588 duae
1077 1549 1302 1600 politicae:
1334 1551 1437 1592 alte.

217 1634 291 1674 ra,
327 1622 645 1663 Observationes
674 1622 799 1663 Paeti
833 1624 956 1664 Pacis
968 1623 1125 1675 factae
1148 1626 1266 1664 inter
1289 1625 1440 1667 Gallos

221 1708 262 1739 et
289 1697 516 1739 Britannos
552 1709 661 1737 auno
688 1696 1008 1740 MDCCLXHI
1027 1729 1040 1748 ,
1079 1697 1186 1739 edita
1216 1699 1440 1742 Ebroduni

221 1785 259 1815 a.
275 1771 656 1814 MDCCLXXXII
673 1801 687 1822 ,
712 1770 848 1813 forma
873 1772 1153 1813 duodenaria:
1183 1773 1305 1814 altera
1321 1803 1335 1824 ‚
1359 1773 1441 1815 Hi-

219 1853 353 1894 storia
382 1854 736 1892 incrementorum
767 1852 985 1907 potentiae
1015 1849 1184 1892 nav-alis
1208 1848 1441 1892 Britanno-

218 1944 345 1981 rum,
377 1928 528 1970 ibidem
545 1958 561 1980 ,
591 1930 727 1970 eadem
751 1927 915 1978 forma,
945 1927 1116 1968 duobus
1141 1928 1437 1972 voluminibus

219 2006 512 2050 duodenariisx
547 2005 669 2046 tertia
691 2003 892 2055 literaria,
925 2003 1211 2059 Hypomnema
1236 2003 1297 2044 ad
1317 2006 1437 2046 Scri-

211 2093 354 2143 ptores
377 2082 534 2123 Diarii
566 2080 852 2122 Eruditorum
868 2110 881 2129 ,
914 2078 964 2119 de
973 2078 1186 2131 facienda
1208 2093 1316 2123 nova
1349 2079 1437 2121 edi-

217 2163 329 2202 tione
363 2158 709 2214 Geographorum
752 2157 1006 2198 Minorum:
1050 2155 1182 2197 forma
1217 2167 1438 2207 quartana<-

219 2234 306 2273 ria:
341 2233 459 2275 nulla
491 2233 633 2274 addita
658 2231 770 2274 tituli
797 2230 951 2284 pagina
977 2230 1211 2282 singulari,
1242 2243 1316 2271 nec
1339 2233 1440 2274 anni

221 2307 361 2350 locive
389 2309 621 2350 notatione.
682 2309 781 2350 Illas
807 2319 895 2349 non
923 2307 1133 2347 vidimus:
1168 2307 1274 2349 hanc
1298 2308 1349 2349 ab
1375 2308 1438 2360 ip-

218 2394 268 2423 so
303 2380 429 2422 nobis
463 2381 632 2423 missam
669 2384 885 2435 legimus,
928 2391 968 2422 et
1001 2382 1044 2423 in
1081 2382 1276 2424 manibus
1313 2383 1439 2423 habe-

216 2468 339 2506 mus,
370 2466 410 2496 et
435 2457 706 2509 agnoscimus
732 2458 915 2498 indidem
940 2458 1051 2500 illam
1073 2461 1164 2513 ejus
1192 2458 1349 2512 ingenii
1374 2457 1439 2500 fa-

213 2534 435 2586 cultatem,
471 2534 664 2585 materiae
694 2532 888 2588 quamvis
926 2534 1061 2584 variae
1086 2536 1177 2577 suis
1214 2545 1253 2577 et
1276 2534 1437 2576 finibus
1470 2558 1473 2563 2

854 2606 886 2650 P
915 2617 942 2671 5
1326 2620 1443 2662 com·-
