1693 3110
306 165 386 212 DE
417 159 946 211 IMMORTALITATE
978 164 1172 213 ANIMI.
1275 168 1358 226 607

140 298 224 336 tem
248 303 270 332 a
298 289 365 347 Νῷ
388 290 572 345 patiente
589 286 833 341 distinguit:
862 287 965 329 dicit
987 301 1159 341 quoque
1205 289 1356 342 „Eum
1377 305 1464 334 sect.
1487 298 1546 334 vr.

138 367 438 424 segregabilem
470 377 550 407 esse
579 379 606 405 a
632 365 840 419 Corpore,
872 363 1063 415 Parum,
1099 364 1266 422 ejusque
1297 379 1358 407 es·

141 447 319 486 sentiam
345 446 528 499 positam
564 454 646 483 esse
668 444 716 483 in
740 442 933 483 actione:
960 450 1225 495 segregatum
1260 455 1357 486 vero

137 535 167 564 a
204 521 412 576 Corpore,
445 533 536 561 eum
569 519 698 562 solum
734 531 814 560 esse
847 517 963 560 illud
986 518 1097 574 quod
1116 529 1200 572 cst,
1233 529 1272 561 et
1297 535 1358 562 so-

134 596 222 638 lum
262 609 343 637 csse
379 598 570 640 ἀθάνατον
600 596 666 640 καὶ
701 597 850 646 ἀΐδιον,
892 595 1178 638 immortalem
1212 604 1252 639 et
1287 611 1358 639 ae·

133 679 333 714 ternum:
375 685 456 714 non
514 681 651 714 autem
707 670 934 714 recordari
979 685 1049 714 nos
1070 702 1085 726 ,
1121 682 1356 730 propterea

132 747 247 804 quod
277 747 517 790 recordatio
559 750 605 790 in
649 749 779 790 solum
808 752 1041 804 patientem
1076 755 1161 795 νοῦν
1196 751 1359 804 cadat,

132 825 208 882 qui
233 828 349 881 peric
370 856 384 878 ,
417 835 456 868 ct
491 828 579 867 sine
605 826 678 868 hoc
716 825 784 867 m'l
813 823 1022 880 cogitat.”
1081 825 1162 868 Hic
1198 828 1358 880 locus,

132 910 184 941 ut
227 900 366 941 verbis
406 900 680 952 luculentus,
712 899 768 940 ita
805 911 846 941 re
886 899 1096 943 obscurus
1119 909 1212 955 est3
1245 903 1358 944 unde

131 987 220 1019 non
260 976 366 1018 satis
391 978 439 1017 ad
463 989 554 1018 eum
581 976 846 1018 attenderunt
873 974 928 1026 ii,
961 976 1034 1029 qui
1059 976 1107 1017 de
1139 976 1354 1020 Aristote-

125 1049 182 1091 lis
216 1050 425 1092 sententia
467 1051 744 1103 scripserunt.
819 1049 915 1105 Ego
947 1063 1034 1094 non
1075 1051 1198 1094 video
1225 1064 1352 1104 quare

128 1136 217 1167 non
247 1138 400 1178 sequar
435 1126 711 1169 doctissimos
759 1125 1032 1179 interpretes,
1063 1125 1348 1168 Themistium

122 1214 172 1256 p.
198 1201 418 1256 88-92‚
471 1211 511 1243 et
547 1201 812 1255 Simplicium
850 1215 897 1255 p.
927 1201 995 1256 69.
1036 1214 1128 1254 seq.
1165 1215 1350 1255 quorum

126 1279 211 1321 huc
258 1279 364 1321 redit
408 1278 640 1320 sententia:
696 1290 868 1330 „unam
919 1278 1096 1320 Animae
1143 1280 1348 1322 humanae

120 1365 308 1410 partem,
359 1360 445 1400 νοῦν
481 1357 692 1409 πρκκτικὸν
718 1385 734 1407 ,
789 1368 881 1398 esse
930 1366 1135 1399 aeternam
1180 1366 1220 1398 et
1263 1356 1346 1399 Im-

121 1433 367 1477 mortalem:
411 1444 487 1473 nec
532 1441 669 1474 tamen
703 1433 815 1474 illam
854 1434 1066 1476 reminisci
1107 1447 1244 1476 earum
1282 1448 1346 1478 re·

124 1519 249 1558 rum,
293 1518 398 1558 quae
434 1508 470 1547 ei
503 1505 731 1560 obtigerint
772 1507 815 1549 in
853 1508 984 1561 priori
1019 1511 1136 1563 vi1223
1184 1512 1346 1565 quippe

122 1580 307 1623 solutam
346 1595 368 1623 a
399 1585 446 1636 νῷ
482 1586 678 1636 παθητικῷ
699 1612 713 1634 ‚
747 1582 791 1625 in
828 1596 914 1635 quo
942 1586 1037 1626 solo
1061 1595 1248 1627 versetur
1280 1599 1342 1629 re·

119 1657 341 1708 conlatio,
368 1658 463 1709 quia
489 1667 552 1698 cst
581 1657 742 1709 passio.
786 1657 1033 1711 Simplicius
1061 1661 1225 1712 quidem
1254 1674 1342 1704 non

119 1734 227 1773 male
248 1732 568 1774 Aristotelicum
593 1733 674 1774 hoc
694 1744 984 1787 argumentum
1011 1748 1032 1777 e
1053 1735 1271 1780 Platonico
1293 1740 1342 1781 de

116 1810 262 1853 Animi
289 1810 461 1863 propria
498 1811 692 1853 movendi
719 1809 921 1854 facultate
943 1813 1118 1864 repetit:
1151 1825 1335 1857 ceterum

115 1891 201 1932 νοῦν
223 1889 439 1941 πρακτικὸν
461 1898 546 1928 non
584 1886 781 1939 interire,
814 1889 886 1928 sed
922 1900 1016 1930 cum
1055 1893 1102 1944 νῷ
1137 1895 1337 1947 nocemur}

112 1963 319 2018 conjungi
341 1965 384 2005 in
409 1975 589 2015 eumque
625 1963 766 2015 abire,
805 1964 1053 2018 contendit3
1096 1967 1249 2020 credo,
1290 1978 1339 2010 ut

111 2038 170 2080 ita
197 2040 327 2094 magis
350 2040 622 2082 Aristotelem
649 2052 743 2082 cum
769 2040 942 2082 Platone
972 2041 1189 2085 conciliet.
1223 2042 1338 2083 The-

113 2116 285 2158 mistius
309 2129 408 2159 vero
434 2117 546 2158 hunc
573 2118 712 2159 locum
739 2130 833 2159 cum
862 2118 942 2160 alio
973 2130 1021 2161 ex
1046 2119 1184 2161 eodem
1212 2131 1337 2174 opere

113 2197 216 2241 Lib.
244 2203 278 2242 Ι.
309 2213 351 2252 4.
378 2201 574 2251 confert,
606 2201 713 2241 unde
737 2199 890 2251 efficit,
922 2205 1005 2245 νοῦν
1030 2203 1243 2255 πρακτικὸν
1265 2214 1337 2243 so-

104 2275 199 2318 lum
226 2276 416 2318 relictum
439 2289 584 2320 vacare
626 2277 675 2318 ab
706 2276 819 2318 omni
846 2279 1043 2330 passione
1060 2308 1074 2329 ‚
1108 2278 1332 2331 memoria,

109 2351 361 2404 voluptate,
389 2353 556 2406 dolore,
588 2364 627 2396 et
653 2354 827 2396 omnino
852 2354 1108 2407 cogitatione
1132 2357 1204 2407 ea,
1229 2368 1335 2408 quae

109 2429 252 2482 posita
282 2429 337 2470 sit
362 2429 402 2471 in
433 2431 642 2481 patiendo.
702 2430 905 2472 Videatur
929 2429 1051 2471 etiam
1077 2431 1331 2474 Ammonius

110 2503 154 2546 in
180 2506 316 2548 Arist.
344 2508 393 2549 de
420 2506 641 2561 Interpret.
669 2508 780 2550 haud
803 2508 951 2560 procul
974 2506 1025 2549 ab
1052 2507 1194 2549 initio.

1247 2583 1334 2625 AC«

1379 344 1590 383 Aristoteles.
