1693 3110
269 160 335 212 92,
442 151 906 198 PROLEGOMENA
933 165 994 199 Ex
1023 153 1313 205 EDITIONE'

265 286 377 352 gom
408 308 535 351 usque
557 294 620 335 ad
639 296 832 336 Senecam
858 299 1088 347 sententffle
1108 295 1159 337 de
1181 299 1272 341 vita
1295 307 1336 341 et
1366 286 1490 343 stam·

270 356 509 412 'animorum
532 379 623 423 post
647 379 819 411 mortem
839 375 1058 427 corporis,·
1095 385 1242 425 operae
1271 376 1448 427 pretium
1464 406 1483 428 ‚

267 440 307 487 et
339 447 466 498 hujus
504 445 703 488 editionis
745 447 977 489 lectoribus
1014 460 1202 501 gratum,
1233 461 1313 491 nos
1347 449 1482 492 factu-

268 534 341 568 ros
377 521 712 563 existimavimus
732 553 746 573 ‚
779 524 814 564 si
852 523 887 564 ei
929 535 976 565 ex
1002 523 1068 564 ilia
1094 524 1394 577 Disputatione
1416 539 1484 569 ea·

267 608 376 659 put,
408 599 525 650 qnod
546 607 611 639 est
636 599 685 639 de
712 599 915 650 Platone,
947 599 1235 653 adjiceremus.

326 672 539 714 Hactenuc,
568 674 616 714 de
640 673 822 715 materia.
886 674 1114 727 Sequitur,
1147 685 1192 717 ut
1217 677 1266 718 de
1301 677 1484 720 dictione

267 746 457 790 Platonis
494 761 766 792 moneamus:
804 752 943 802 quoad
975 750 1141 803 quidem
1170 752 1268 794 haec
1292 757 1482 806 quaestio

267 826 318 866 ad
344 825 433 877 ejus
467 826 533 865 vel
564 825 901 884 perspicuitatem
934 828 1003 870 vel
1030 827 1326 870 obscuritatem
1354 831 1484 882 perti-

270 910 359 949 net.
420 900 604 946 Constat
629 902 736 942 enim
755 932 769 953 ,
800 904 999 954 antiquos
1019 903 1102 946 fere
1120 905 1310 948 Platonis
1331 907 1486 950 dictio-

267 988 361 1019 nem
399 975 556 1018 divinis
590 977 788 1019 laudibus
818 977 1036 1031 affecisse,
1075 989 1116 1022 et
1155 981 1361 1034 ejusmodi
1386 981 1485 1025 ferri

265 1051 389 1093 'effata
424 1052 533 1093 haud
570 1065 702 1105 pauca
726 1083 741 1105 ,
787 1056 907 1106 quale
943 1055 1047 1096 illud
1091 1057 1201 1109 apud
1235 1056 1483 1099 Ciceronem
1515 1064 1520 1067 “

263 1128 387 1171 Brut.
416 1142 495 1182 31:
540 1129 651 1183 Quis
690 1134 798 1173 enim
836 1132 1009 1173 uberior
1040 1136 1086 1174 in
1109 1131 1308 1185 dicendo,
1339 1133 1487 1175 Plato-

270 1218 322 1247 ne
337 1219 352 1246 .·
373 1205 552 1267 Jovem,
577 1208 702 1258 (fiunt
725 1209 959 1264 philosophi
976 1239 990 1259 ,
1008 1211 1046 1249 si
1070 1209 1233 1252 Graece
1253 1209 1483 1265 loquatur,

269 1290 329 1338 sjc
354 1287 484 1343 loqui.
545 1287 673 1343 Quod
697 1287 792 1329 item
817 1296 1020 1330 memorat
1039 1287 1273 1340 Dionysius
1297 1288 1485 1330 Halicar-

260 1355 446 1406 nasseus
482 1364 523 1405 in
556 1363 722 1417 Judicio
759 1364 809 1406 de
838 1363 1125 1415 Demosthene
1155 1362 1265 1416 Cap.
1294 1376 1400 1416 XXI,
1433 1377 1481 1417 p.

266 1441 348 1491 289
369 1452 380 1481 :
416 1441 484 1501 ἤδη
516 1441 557 1484 δέ
589 1457 697 1483 τινων
724 1442 871 1491 ἤκουσα
893 1440 971 1492 ἔγω
996 1440 1192 1491 λεγόντων
1209 1470 1222 1491 ‚
1253 1442 1303 1487 ὥς
1319 1470 1333 1491 ,
1356 1440 1389 1482 εἰ
1413 1438 1484 1481 καὶ

265 1519 376 1577 παρὰ
415 1520 511 1564 θεοῖς
548 1517 754 1569 διάλεκτός
787 1518 924 1567 ἐστιν,
957 1514 981 1570 ᾗ
1014 1517 1057 1559 τὸ
1084 1517 1157 1558 τῶν
1192 1517 1393 1568 ἀνθρώπων
1423 1514 1487 1557 κε’-

265 1610 412 1651 χρητοιι
435 1595 544 1643 γένος
564 1624 575 1644 ‚
608 1597 677 1637 οὐκ
707 1593 839 1641 ἄλλως
874 1594 892 1636 ὅ
914 1593 1106 1651 βασιλεὺς
1130 1593 1182 1634 ὢν
1203 1593 1336 1634 αὐτῶν
1356 1591 1487 1634 &ahe-

267 1687 387 1723 yewu
409 1670 511 1720 Ζεὺς
527 1700 542 1721 ,
575 1671 596 1719 ἢ
625 1672 676 1719 ὡς
702 1671 893 1714 Πλάτων·
929 1668 1000 1708 Sed
1023 1667 1091 1707 hic
1116 1666 1311 1719 quidem,
1336 1674 1381 1706 ut
1399 1665 1489 1718 ple-³.

266 1747 387 1799 rique
412 1745 481 1795 alii
507 1745 723 1797 rhetores,
751 1745 832 1786 hoc
859 1743 1025 1786 effatum
1048 1743 1305 1795 explodens,
1336 1751 1376 1783 et
1396 1742 1490 1784 Pla-

265 1816 380 1866 tonis
406 1822 449 1864 in
485 1823 662 1864 dicendo
696 1821 955 1864 divinitatem
989 1819 1135 1861 multis
1165 1818 1487 1870 exceptionibus

266 1900 636 1943 circumscribens.
667 1899 778 1940 Illud
791 1908 903 1939 certe
919 1928 933 1948 ,
955 1897 1124 1940 cunctis
1137 1893 1494 1948 approbantibus,

266 1978 547 2026 affirmamus,
583 1974 771 2016 Platonis
795 1973 1024 2014 dictionem
1053 1971 1095 2012 in
1127 1968 1324 2012 omnibus
1349 1969 1488 2013 tribus

267 2053 531 2105 eloquentiae
552 2051 751 2101 dotibus,
784 2048 1108 2101 perspicuitate,
1141 2044 1371 2098 suavitate,
1397 2057 1488 2099 gra-

266 2130 425 2180 vitate,
458 2129 653 2179 quamvls
678 2126 882 2180 egregiam
908 2134 947 2166 et
972 2135 1147 2178 prorsus
1174 2122 1487 2176 admirabilem,

266 2208 513 2264 hujusmodi
546 2216 682 2248 tamen
719 2217 839 2258 csse,
872 2214 919 2246 ut
944 2204 1170 2256 aliquando
1192 2203 1491 2256 perspicuitati

267 2285 382 2327 obsit
419 2283 627 2337 gravitas:
664 2296 785 2334 quam
820 2283 890 2324 ubi
924 2283 990 2324 vei
1025 2293 1174 2335 augere
1197 2282 1335 2322 studet
1360 2282 1401 2324 in
1427 2295 1488 2324 re-

267 2351 354 2400 bus
384 2357 545 2409 magnis
565 2387 578 2408 ‚
610 2366 681 2397 aut
705 2358 850 2399 addere
873 2356 1010 2410 parvis
1027 2387 1041 2407 ,
1073 2356 1224 2398 accidit
1254 2356 1486 2410 interdum,

269 2445 319 2477 ut
365 2432 535 2486 audacia
583 2434 855 2476 tralationum
883 2464 898 2486 ,
956 2434 1179 2476 verborum
1217 2434 1488 2489 traJectione,
1555 2420 1561 2423 ’

268 2505 603 2581 301npositi0nis
639 2508 1020 2566 inconsequentia,
1062 2509 1259 2567 tragicam
1285 2509 1496 2565 grandita-

256 2577 278 2594 ‘'
312 2579 315 2583 ’
1401 2594 1488 2637 tem
