1693 3110
294 184 376 260 2'42
519 199 813 247 ADDENDA
839 216 902 249 AD
932 200 1274 254 MEMORIAM

295 321 383 366 ster
404 323 506 366 felix
535 324 708 367 futurus
732 335 846 378 erat,
877 328 959 371 nisi
994 327 1135 371 fatalis
1162 329 1298 385 Regni
1321 333 1513 378 Francici

293 392 520 444 conversio
566 404 658 456 ejus
699 416 763 447 res
803 404 1081 458 fortunasque
1116 407 1345 452 afflixisset.
1413 411 1517 455 Duo

291 478 370 521 filii
406 479 692 522 adolescentes
715 511 732 532 ‚
770 481 969 534 praefecti
1006 484 1206 526 militares
1232 515 1247 538 ,
1290 486 1411 529 initio
1445 498 1517 530 tu-

292 550 486 606 multus,
519 555 637 598 civili
661 554 770 598 ferro
794 557 1008 601 trucidati.
1066 558 1203 602 Unica
1225 558 1335 613 filia,
1363 571 1513 614 postea·

292 631 388 673 viro
411 642 545 684 nupta
572 633 743 675 biennio
776 645 870 676 ante
903 645 1060 688 patrem
1101 646 1293 690 mortua,
1323 639 1520 691 complu-

295 705 418 751 ribus
441 710 596 752 relictis
630 712 767 752 natis:
802 723 850 753 ex
876 712 1033 764 quibus
1069 725 1191 754 unam
1227 715 1386 766 neptim
1425 728 1521 767 par-

297 784 440 826 vulam
477 798 619 827 secum
654 787 767 828 domi
799 786 930 828 alebat
952 788 1283 841 Sanctocrucia,
1314 792 1516 832 eamdem-

292 872 378 914 que
413 861 607 903 tredecim
643 875 848 904 annorum
874 865 1061 918 egregiae
1094 866 1184 918 spei
1210 867 1423 920 puellam,
1455 869 1516 909 al-

290 951 382 983 tero
421 952 522 996 post
554 942 690 983 mariti
726 942 891 984 obitum
929 935 1097 995 mense,
1140 955 1275 985 morte
1309 944 1392 986 sibi
1429 957 1517 986 ere·

288 1029 407 1074 ptam
437 1019 563 1061 vidua
600 1019 754 1062 amisit.
814 1019 962 1071 Atque
991 1018 1076 1060 illis
1110 1019 1309 1068 omnibus
1343 1019 1386 1061 in
1406 1021 1515 1062 cala·

291 1096 542 1148 mitatibUS,
591 1096 991 1148 carissimorumque
1042 1097 1226 1149 capitum
1273 1096 1518 1138 amissioni·

293 1177 406 1230 bus,
436 1176 619 1218 foemina
650 1175 814 1218 virilem
838 1175 1120 1218 constantiam
1156 1175 1357 1217 retinuit:
1388 1186 1515 1227 quam

284 1252 382 1305 ipse
417 1263 612 1304 praesens
642 1259 682 1292 et
717 1259 835 1292 antea
880 1250 1046 1302 saepius
1088 1252 1262 1292 miratus
1303 1262 1427 1302 sum,
1472 1258 1514 1291 et

283 1337 548 1381 postremum
592 1316 679 1367 eam
711 1325 898 1367 salutans
928 1325 1062 1378 pridie
1089 1337 1211 1377 quam
1239 1323 1410 1367 Parisiis
1435 1327 1514 1367 do-

286 1414 403 1445 mum
430 1401 672 1455 profectura
697 1411 823 1443 esset.
853 1398 1004 1453 Neque
1027 1403 1107 1444 hoc
1131 1403 1388 1445 reticendum
1416 1413 1509 1456 est,

291 1492 378 1522 eam
401 1491 492 1522 esse
514 1489 765 1532 postremam
792 1479 1064 1531 propaginem
1088 1478 1271 1531 inclytae
1293 1480 1515 1521 nobilitate

283 1558 466 1601 familiae
496 1556 705 1599 Delbenae
728 1556 750 1608 (
770 1553 954 1595 Delhene
969 1556 989 1608 >
1007 1584 1022 1605 ,
1056 1554 1218 1607 origine
1240 1555 1509 1609 Florentina3

282 1646 334 1676 cx
368 1647 449 1686 qua
484 1634 612 1687 hujus
640 1632 816 1685 majores
845 1630 1027 1684 primum
1058 1630 1234 1672 comites
1260 1632 1515 1674 Catharinae

284 1708 501 1751 Mediceae
535 1706 731 1750 nubentis
769 1705 953 1747 Henrico
980 1709 1046 1757 ΙΙ,
1089 1704 1227 1759 Regi,
1258 1705 1303 1748 in
1326 1706 1510 1749 Galliam

281 1796 517 1830 venerunt:
554 1797 734 1836 quorum
763 1783 922 1836 posteri
959 1783 1106 1824 deinde
1135 1783 1215 1824 sub
1242 1785 1401 1826 nostris
1425 1782 1510 1825 Re·

283 1862 442 1916 gibus,
473 1863 717 1913 complures
756 1872 852 1901 cum
880 1859 1067 1911 imperiis
1097 1859 1383 1911 exercituum,
1417 1869 1508 1902 tum

286 1938 561 1992 amplissimis
599 1937 1007 1991 Arcliiepiscopatsls
1039 1946 1078 1978 et
1124 1937 1416 1989 Episcopatus
1445 1951 1511 1979 sa-

280 2013 480 2055 cerdotiis
506 2044 522 2065 ‚
565 2012 863 2055 inclaruerunt.
879 2011 909 2029 ”
980 2012 1194 2054 Hactenus
1248 2011 1503 2055 Larclicrus.

283 2089 414 2140 Alia,
455 2100 597 2130 recens
626 2089 738 2131 edito
776 2089 969 2142 lectoque
1001 2088 1084 2130 sibi
1120 2089 1257 2141 priore
1294 2089 1509 2130 Philoma-

279 2166 393 2206 thiae
425 2163 587 2216 Libro,
633 2177 699 2206 me
732 2164 897 2207 monuit
941 2163 1219 2206 doctissimus
1259 2163 1504 2207 adolescens

278 2239 343 2283 G.
377 2240 430 2283 L.
468 2241 796 2293 XVasaenarius,
828 2241 892 2293 is,
934 2242 983 2283 de
1011 2253 1098 2293 quo
1135 2240 1222 2295 dixi
1262 2240 1305 2282 in
1337 2241 1508 2282 Adden-

277 2318 345 2362 dis
376 2319 426 2359 ad
450 2318 710 2360 Phaedonem
740 2333 785 2373 p.
820 2333 916 2373 337.
983 2347 1009 2369 „
1033 2317 1326 2359 Sanctocrucii
1351 2317 1504 2359 Anim-

277 2395 544 2439 adversiones
595 2396 655 2436 ad
710 2397 879 2439 Vibium
940 2396 1198 2449 Sequestrem
1259 2393 1506 2446 prodierunt

275 2486 316 2517 a,
356 2473 893 2516 MDCCLXXVIII:
951 2472 1057 2514 liber
1106 2470 1175 2512 De
1228 2471 1409 2514 Coloniis
1458 2481 1498 2510 a.

275 2547 329 2593 M
342 2550 380 2594 D
393 2550 429 2592 C
444 2549 481 2593 C
496 2548 534 2592 L
549 2549 589 2592 X
602 2549 670 2592 XI
683 2550 736 2597 X.
805 2550 889 2594 Est
932 2548 1057 2591 etiam
1104 2546 1407 2590 Commentatio
1452 2545 1505 2585 de

1417 2619 1452 2664 C
1446 2633 1496 2675 y-
