1693 3110
443 145 732 192 EPISTOLA
763 147 845 191 AD
874 147 1199 194 BOSCHIUM.
1390 163 1441 208 41

231 262 385 318 Neque
416 267 524 312 enim
564 269 752 324 gemelli,
782 280 858 312 nec
890 271 966 312 hac
1004 272 1046 315 in
1081 286 1124 316 re
1161 285 1240 316 una
1266 275 1446 317 multum

230 342 490 399 dissimiles,
521 346 595 388 sed
627 344 672 389 in
702 343 795 387 aliis
830 348 976 390 multis
999 360 1163 395 sumus,
1215 349 1306 406 Jam
1331 350 1448 396 dein-

231 430 362 473 ceps,

286 534 518 576 Frater-nis
539 535 718 576 animis:
731 534 941 592 quidquid
959 546 1084 593 negat
1101 537 1240 591 alter,
1256 548 1296 580 et
1309 540 1443 584 alter:

282 609 524 652 Annuimus
543 613 750 667 pariter,
781 611 912 654 vetuli
925 623 943 650 .·
960 636 1018 646 —

224 721 426 769 convenit
450 721 492 764 in
523 735 603 766 nos
624 725 735 776 hoc,
765 724 994 767 Fraterm's
1027 726 1181 768 animis
1209 728 1367 771 vetuli:
1396 737 1440 771 at

226 811 313 840 non
335 798 432 840 item
458 799 663 841 alterum:
695 811 831 852 neque
853 801 959 842 enim
987 802 1194 854 quidquid
1218 804 1347 855 alter,
1372 817 1445 845 ne.

228 880 300 923 gat
324 880 364 912 et
389 871 540 914 annuit
561 874 686 915 alter:
721 874 821 925 sed,
854 885 899 915 ut
933 876 1078 916 multis
1116 876 1159 917 in
1190 878 1312 919 rebus
1337 890 1441 919 con·-

223 945 460 998 sentimus‚
491 947 548 992 ita
584 949 629 992 in
664 950 808 992 multis
854 963 999 991 rursus
1033 951 1322 994 dissentimus.
1382 951 1443 993 Et

225 1029 393 1073 tamen,
424 1032 464 1064 et
495 1025 564 1066 Tu
591 1037 655 1067 me
676 1037 816 1077 amas,
848 1035 888 1066 et
920 1037 997 1078 ego
1022 1025 1110 1067 Te:
1143 1036 1182 1067 et
1221 1036 1344 1068 vetus
1377 1036 1443 1070 cst

221 1096 292 1138 hic
321 1110 464 1142 amor:
496 1113 594 1150 nec,
628 1099 712 1142 nisi
735 1100 792 1142 ita
818 1110 954 1152 esset,
982 1101 1086 1143 hanc
1111 1102 1162 1143 ad
1185 1100 1248 1142 Te
1272 1102 1446 1155 publice

221 1173 443 1225 epistolam
470 1176 710 1217 scriberem.
751 1175 1017 1230 Quamquam
1047 1185 1086 1217 et
1110 1177 1211 1218 aliae
1234 1176 1336 1216 mihi
1359 1177 1444 1218 hu.

217 1247 289 1301 jus
326 1248 572 1300 scriptionis
594 1263 767 1293 caussae
798 1249 984 1294 fuerunt.
1045 1250 1165 1305 Quae
1194 1252 1357 1292 tandem
1391 1252 1443 1292 il-

221 1323 318 1365 lae?
375 1323 585 1368 Primum:
628 1326 700 1367 Tu
732 1326 798 1368 vis
831 1325 932 1367 Tibi
959 1326 1038 1368 tale
1065 1327 1168 1378 quid
1198 1339 1219 1368 a
1247 1339 1310 1368 me
1336 1327 1440 1370 scri-

220 1398 291 1440 bi:
324 1400 450 1452 idque
483 1413 604 1453 saepe
640 1402 742 1443 mihi
778 1411 817 1445 et
850 1401 1099 1455 significasti
1135 1412 1174 1443 et
1202 1403 1439 1446 declarasti.

219 1475 404 1517 Deinde:
437 1488 515 1530 ego
549 1475 678 1528 volog,
717 1475 909 1529 intelligo
947 1476 1081 1528 enim,
1124 1490 1188 1519 me
1220 1477 1322 1519 Tibi
1358 1479 1441 1521 tale

224 1552 326 1602 quid
345 1552 519 1604 debere;
544 1551 888 1603 quandoquidem
909 1551 979 1593 Tu
1002 1551 1104 1593 milii
1126 1553 1436 1605 politissimum

217 1634 338 1666 tuum
379 1638 546 1667 carmen
581 1627 632 1668 de
666 1626 878 1669 hominum
926 1628 1191 1684 aequalitate
1224 1639 1318 1670 ante
1356 1629 1437 1672 hos

219 1701 439 1742 duodecim
477 1712 609 1742 annos
643 1700 806 1743 dicasti.
876 1701 1012 1753 Sane,
1055 1715 1103 1743 ex
1141 1703 1215 1746 illo
1248 1714 1438 1758 tempore

216 1788 340 1829 saepe
365 1775 587 1818 observavi
620 1784 660 1817 et
698 1775 920 1828 quaesivi,
953 1776 989 1817 si
1027 1777 1129 1829 quid
1169 1778 1213 1819 in
1250 1792 1434 1828 mearum

214 1862 426 1904 proventu
453 1852 678 1896 Musarum
715 1850 938 1902 haberem,
972 1851 1088 1903 quod
1123 1851 1225 1894 Tibi
1271 1855 1434 1899 donarii

212 1928 313 1970 loco
335 1941 591 1981 reponerem.
641 1927 765 1968 Nihil
789 1925 1058 1980 reperiebam.
1105 1926 1216 1970 Nam
1243 1929 1430 1973 Plutar-

212 2005 343 2055 chus,
383 2003 457 2056 qui
499 2003 600 2045 mihi
641 2014 771 2045 unum
807 2013 847 2043 et
879 2012 1124 2055 perpetuum
1166 2017 1276 2056 opus
1313 2016 1430 2058 erat,

214 2078 451 2121 Oxoniensi
489 2079 731 2121 Academiae
768 2077 1010 2121 debebatur.
1070 2079 1130 2121 Et
1157 2080 1191 2120 si
1224 2093 1329 2132 quae
1353 2083 1433 2126 alia

210 2165 325 2196 erant
342 2155 484 2197 subita
504 2165 544 2196 et
566 2155 814 2205 subseciva,
840 2153 938 2195 haec
959 2154 1009 2195 ad
1032 2153 1136 2195 alios
1160 2157 1423 2207 spectabant.

211 2230 311 2274 Fuit
342 2231 383 2272 in
410 2231 506 2283 his,
539 2230 643 2272 liber
667 2230 922 2272 Selectorum
950 2242 1002 2272 ex
1027 2229 1255 2271 Historicis
1291 2231 1431 2274 Grae-

210 2307 300 2346 cis:
341 2306 469 2360 hujus
498 2305 701 2359 praefatio
732 2304 964 2358 pertinebat
999 2306 1049 2347 ad
1087 2305 1262 2348 lectores
1299 2309 1427 2350 disci-

207 2382 421 2435 pulosque
449 2395 579 2424 meos.
638 2380 736 2423 Fuit
766 2381 872 2423 Vita
906 2380 964 2423 D.
990 2381 1238 2423 Ruhnkem'i
1259 2384 1425 2426 nostri:

214 2470 320 2510 quae
354 2456 491 2511 ipsius
526 2458 718 2501 manibus
753 2457 914 2509 integra
951 2457 1194 2512 illibataque
1223 2459 1424 2502 servanda

781 2531 817 2573 C
849 2543 875 2585 5
1359 2534 1424 2576 vi-
