1693 3110
300 230 357 272 66
667 222 1153 271 EPISTOLA

848 348 947 390 benc
973 356 1060 389 est:
1092 345 1207 389 m‘ln'l
1223 347 1406 405 amplius
1426 354 1535 400 oro}

367 426 503 481 Maja
542 434 672 478 nate,
713 427 798 468 nisi
823 435 872 468 ut
894 428 1080 483 propria
1118 427 1220 467 haec
1249 427 1356 469 mihi
1390 438 1535 470 mune-

451 518 506 546 ra
526 504 669 559 faxis.

311 615 485 660 Veteres
522 618 706 660 Deorum
745 617 1042 660 immortalium
1081 629 1174 671 erga
1219 615 1418 661 mortales
1458 618 1537 662 ho·

318 696 450 738 mines
479 694 793 736 beneficentiam
825 694 961 736 tribus
998 694 1244 736 muneribus
1279 695 1536 738 censebant2

314 771 482 826 primo,
525 780 573 811 ut
604 781 744 812 essent
780 772 944 812 datores
979 771 1217 812 honorum:¹
1253 771 1428 823 deinde,
1461 783 1534 813 eo-

314 849 502 891 rumdem
531 858 847 890 conservatores
873 857 911 889 et
935 849 1138 890 custodes
1159 862 1170 890 :
1192 849 1398 900 denique,
1423 859 1539 890 aver·

314 923 462 974 runci,
506 925 762 976 ἀποτρέπουσι
806 929 966 975 κακῶν,
1005 926 1231 977 βκσκκνίας
1267 926 1334 967 καὶ
1371 923 1545 979 φθόνου,

320 1001 557 1051 malorum,
589 999 819 1040 calumniae
853 993 891 1040 et
928 999 1142 1049 invidiae,
1174 1001 1376 1042 comitum
1410 1002 1547 1043 virtu-

317 1078 374 1118 tis
400 1086 439 1117 et
476 1076 682 1117 fortunae.
745 1075 859 1116 Mihi
897 1088 1094 1128 servent,
1127 1089 1231 1128 quae
1263 1077 1465 1118 dederunt
1498 1075 1547 1119 in

319 1151 478 1205 triplici
509 1152 717 1194 bonorum
755 1163 930 1205 genere,
962 1152 1119 1202 animi,
1149 1150 1375 1204 corporis,
1406 1161 1448 1193 et
1480 1163 1545 1194 re-

321 1240 412 1269 rum
435 1239 722 1270 externarum:
755 1229 797 1270 in
824 1238 1083 1270 externarum
1120 1241 1253 1270 rerum
1279 1237 1428 1282 magna
1451 1239 1548 1281 par-

325 1312 368 1345 te
402 1305 473 1346 Dii
516 1315 771 1346 averruncos
819 1303 1143 1346 Professoribus
1179 1288 1379 1345 dederunt
1409 1303 1549 1347 Cura-⁷

316 1387 448 1423 tores.

314 1447 320 1454 ’
378 1457 438 1500 Et
461 1457 577 1509 quod
602 1455 817 1499 Curatorii
843 1455 907 1497 tui
942 1454 1127 1498 muneris
1152 1453 1404 1497 mentionem
1427 1454 1543 1508 feci,

326 1535 368 1579 si
407 1533 480 1587 qui
513 1532 716 1584 fuerunt,
759 1532 833 1584 qui
880 1532 990 1573 haud
1026 1532 1115 1572 scio
1163 1543 1214 1572 an
1245 1529 1429 1584 fuerint,
1473 1531 1550 1584 qui

328 1610 443 1651 hunc
465 1606 568 1650 Tibi
588 1607 790 1649 honorem
817 1606 1075 1657 inviderent3
1100 1617 1176 1646 nec
1199 1604 1356 1646 invidia
1372 1605 1545 1647 illorum

326 1685 476 1727 obesse
499 1682 603 1724 Tibi
627 1685 798 1736 potuit,
830 1691 870 1722 et
903 1680 974 1722 Tu
1011 1680 1123 1733 apud
1153 1692 1299 1722 omnes
1322 1692 1433 1724 recte
1455 1694 1552 1723 sens

327 1762 480 1804 tientes
505 1774 590 1803 eam
625 1761 859 1803 confutasti
895 1761 1117 1812 doctrina,
1161 1761 1348 1814 virtute,
1380 1761 1550 1804 benefa-

328 1838 429 1881 ctis.
489 1837 738 1879 Doctrinam
776 1836 880 1888 quid
914 1847 1134 1876 memorem
1175 1834 1328 1876 tuam?
1367 1837 1466 1887 τόγε
1499 1839 1548 1886 δὴ

325 1915 393 1961 καὶ
430 1914 544 1966 ἴδμεν
573 1912 772 1960 ἅπαντες·
804 1924 880 1953 nec
918 1922 1126 1963 repetam,
1159 1922 1265 1963 quae
1299 1922 1426 1963 supra
1461 1911 1549 1953 dixi

323 1992 373 2032 de
396 1999 467 2030 tua
490 1989 771 2031 adolescentis
791 1987 833 2029 in
857 1986 1017 2028 Literis
1039 1986 1256 2029 facultate.
1317 1985 1438 2028 Hanc
1461 1998 1547 2028 ma-

324 2066 463 2107 turior
504 2075 615 2107 aetas
646 2065 791 2117 auxit,
827 2065 1060 2117 multisque
1091 2063 1357 2107 documentis
1389 2064 1440 2106 ad
1469 2076 1550 2117 pu-

325 2140 477 2182 blicam
501 2139 692 2182 notitiam
719 2141 924 2193 prodidit:
949 2151 1045 2182 cum
1069 2138 1432 2194 disputationibus
1452 2137 1546 2192 qui-

322 2217 407 2259 bus
441 2216 711 2270 propositum
738 2215 965 2270 praemium
993 2216 1104 2269 apud
1135 2215 1367 2257 Societates
1391 2213 1545 2256 Erudi-

321 2303 387 2335 tas
418 2293 629 2335 retulisti:
662 2303 750 2334 tum
786 2295 901 2347 largo
935 2292 1268 2334 cultissimorum
1303 2300 1545 2344 poematum

324 2379 567 2424 proventu,
600 2370 641 2412 in
680 2370 839 2422 quibus
868 2381 990 2411 nemo
1023 2380 1097 2410 nec
1134 2365 1402 2419 antiquitatis
1427 2365 1546 2407 colo-

322 2459 406 2490 rem
424 2477 439 2499 ‚
469 2459 545 2487 nec
573 2447 776 2488 orationis
800 2446 976 2488 Latinae
996 2445 1268 2496 elegantiam,
1290 2454 1365 2484 nec
1387 2440 1547 2482 lumina

322 2521 569 2575 doctrinae,
600 2534 675 2564 nec
711 2522 932 2565 modorum
961 2518 1288 2562 concinnitatem
1313 2513 1543 2558 desideret:

1455 2600 1548 2637 tum
