1693 3110
250 194 338 252 400
472 177 486 182 ”
566 171 1231 233 D“‘ts'PU'1⁴AT1o‘

255 316 400 361 notior
421 320 483 354 est
520 322 643 363 quam
683 321 789 362 quae
824 309 1023 361 explicari
1059 310 1141 352 hoc
1169 300 1267 351 ioco
1292 308 1437 352 debeat
1451 296 1498 363 ,3²

253 402 344 435 tum
386 401 469 431 eam
509 388 598 438 eJ'us
627 386 814 438 partem,
848 397 953 436 quae
983 394 1047 426 est
1071 386 1120 426 de
1161 383 1337 428 Unitate
1369 388 1478 441 Dei,

256 469 410 510 diserte
440 465 492 506 iis
523 462 794 506 vindicarunt
827 461 981 515 justus
1020 461 1198 514 Lipsius
1226 462 1477 517 physiologi

255 541 441 583 Stoicor.
474 540 520 591 Ι,
565 552 608 594 9.
653 548 692 580 et
721 537 871 592 Joach.
917 537 1119 579 Kuhnius
1161 539 1213 580 ad
1251 538 1485 592 Diogenem

256 617 399 661 Laert.
424 615 554 667 VHI,
591 625 687 670 135.

314 694 458 747 Atque
480 692 579 733 haec
606 690 774 744 quidem
812 698 913 732 sunt
949 690 1106 744 placita
1140 701 1280 732 earum
1317 689 1487 732 schola⁴

258 779 383 822 rum,
413 782 435 810 a
469 768 628 821 quibus
665 767 945 820 Philosophia
985 767 1221 810 constituta
1261 777 1353 820 est,
1387 780 1491 819 qua-

261 836 440 899 rumque
474 845 708 887 auctoritas
748 854 788 885 et
826 845 938 896 apud
976 855 1175 896 posteros
1202 843 1419 896 floruerit,
1452 851 1496 884 et

264 935 380 968 nunc
418 925 458 966 in
484 932 630 965 nostra
655 922 946 974 disputatione
973 922 1109 961 valere
1135 919 1304 973 possit3
1338 927 1384 961 ut
1406 921 1495 962 nori

264 1000 323 1041 sit
339 1030 352 1051 ‚
373 999 487 1050 quod
510 997 705 1051 singulas
728 996 994 1050 singulorum
1018 988 1376 1049 philosophorum
1401 1006 1497 1036 sen⁶

264 1076 421 1117 tentias
449 1074 715 1127 peculiariter
737 1084 1137 1132 commemoremus.
1200 1071 1352 1123 Neque
1370 1071 1496 1112 etiam

270 1150 317 1194 in
354 1151 435 1191 hoc
469 1150 567 1190 loco
597 1149 828 1201 quidquam
859 1155 922 1189 est
950 1157 1187 1199 mutatum,
1219 1155 1497 1199 posteaquam

270 1227 376 1270 aliae
426 1235 569 1279 gentes
612 1226 663 1267 ad
705 1224 963 1267 Graecorum
1007 1225 1326 1276 Philosophiam
1364 1223 1505 1265 studia

272 1306 350 1347 'sua
374 1304 624 1357 adjecerunt.
686 1301 854 1343 Horum
893 1301 1126 1353 principem
1163 1300 1393 1341 excitemus
1427 1310 1508 1341 σιὰ
1571 1334 1574 1336 ,

275 1380 481 1424 bERoN
499 1393 603 1430 EM,
638 1389 759 1430 quem
787 1377 910 1418 multi
938 1385 1121 1430 negant,
1154 1385 1313 1417 certum
1339 1384 1378 1416 et
1405 1385 1510 1416 con*

276 1468 455 1502 stantem
481 1458 529 1498 de
542 1455 698 1498 Divina
711 1454 874 1495 Natura
898 1453 1089 1494 tenuisse
1117 1453 1387 1494 sententiam.
1405 1450 1505 1506 Quo

281 1535 450 1588 quidem
474 1533 645 1575 nomine
671 1532 720 1572 ab
739 1531 791 1573 iis
808 1543 900 1571 eum
922 1530 1195 1582 reprehendi,
1212 1529 1285 1581 qui
1310 1531 1359 1571 de
1385 1529 1510 1570 rebus

278 1610 406 1654 *etiarn
435 1606 758 1652 obscurissimis
788 1616 998 1658 tamquam
1038 1605 1087 1645 de
1127 1602 1253 1645 certis
1288 1613 1328 1644 et
1367 1604 1515 1656 expio-

280 1688 386 1730 tatis
419 1684 703 1739 pronunciare
745 1684 906 1733 soient,
955 1681 1126 1722 minime
1162 1674 1239 1722 est'
1261 1680 1515 1723 miranduma

283 1764 500 1814 Omnino,
535 1771 581 1801 ut
617 1761 667 1801 de
701 1759 795 1801 aliis
836 1760 994 1812 rebus,
1026 1758 1082 1799 ita
1123 1758 1173 1799 de
1198 1757 1359 1799 Natura
1397 1757 1521 1799 Divi-

285 1855 369 1894 na,
402 1853 531 1895 pauca
555 1839 709 1881 Cicero
733 1838 966 1879 affirmavit.
1033 1834 1113 1877 Sed
1154 1835 1254 1877 haec
1292 1835 1383 1887 ipsa
1413 1846 1518 1887 pau-

286 1930 338 1965 ‘ca
364 1917 574 1973 ejusmodi
608 1925 739 1968 sunt,
774 1924 821 1956 ut
857 1922 1082 1966 appareat,
1116 1925 1207 1953 eum
1238 1912 1345 1954 hane
1392 1909 1522 1952 firmi-

283 1999 353 2042 'ter
374 1997 562 2039 tenuisse
588 1992 837 2035 sententiam
860 2023 874 2043 ‚
906 1991 1056 2033 Deum·
1080 1999 1119 2031 et
1158 2001 1248 2031 esse
1272 1997 1312 2029 et
1343 1988 1518 2030 unicum

285 2083 399 2116 esse.
460 2071 566 2112 Nam
597 2069 707 2111 libro
739 2069 799 2111 II.
833 2071 882 2110 de
909 2066 1186 2110 Divinatione
1206 2097 1221 2118 ,
1256 2064 1330 2106 ubi
1367 2073 1414 2107 ex
1444 2071 1519 2104 sua

293 2150 387 2203 ipse
407 2156 542 2190 mente
564 2145 787 2198 loquitur,
820 2145 879 2186 ait
906 2156 1000 2196 cap.
1026 2152 1093 2195 72.
1128 2154 1210 2182 esse
1226 2143 1522 2196 praestans-em

297 2227 488 2283 aliquam
535 2233 838 2279 aeternamque
877 2223 1134 2272 Naturam,
1186 2227 1226 2260 et
1269 2231 1360 2259 cam
1395 2217 1529 2271 suspi-

295 2300 487 2343 ciendam
529 2297 917 2354 admirandamque
954 2297 1166 2338 hominum
1211 2298 1364 2349 generi
1374 2327 1387 2346 ‚
1425 2291 1525 2348 pul-

295 2377 493 2421 ebrit-mlo
517 2376 679 2416 Mundi
702 2376 885 2432 ordoque
923 2388 1068 2416 rerum
1100 2372 1336 2414 coelestium
1361 2369 1531 2422 confite-

301 2457 345 2500 ri
367 2453 490 2507 cogit.
549 2453 607 2494 Et
640 2453 688 2492 de
714 2451 814 2494 Nat.
849 2451 982 2492 Deor.
1020 2449 1056 2489 ΙΙ
1079 2479 1094 2501 ‚
1131 2449 1199 2489 16.
1233 2459 1281 2488 ex
1307 2443 1524 2488 Academi-

297 2533 342 2577 ci
375 2541 555 2585 persona
590 2527 856 2581 reprehendit
885 2526 1094 2577 Stoic05,
1137 2522 1252 2580 quod
1281 2522 1430 2580 plures
1464 2521 1534 2561 in·

1455 2594 1537 2639 clu-
