1693 3110
315 178 393 222 DE
423 170 936 222 IMMORTALITATE
967 168 1166 218 ANIMI.
1265 173 1348 224 609

141 296 297 343 diserte
344 299 502 341 dictum
542 307 652 339 esset
688 297 739 340 ab
773 295 1030 347 Aristotele,
1074 302 1212 337 tamen
1249 292 1347 336 haec
1368 296 1584 379 {eres‘toffiea

137 371 240 418 :nde
272 375 475 417 sententia
502 382 801 425 consequatur.

198 449 260 492 Ut
295 449 433 492 omnis
460 447 680 491 Esoterica
706 447 949 490 Aristotelis
975 443 1168 489 doctrina
1191 444 1351 489 obscu-

140 525 230 568 rius
265 525 412 566 tradita
435 532 527 576 est,
558 524 615 566 ita
641 524 772 577 magis
798 524 918 565 etiam
948 523 1030 565 loci
1055 523 1104 564 de
1125 522 1277 564 Anima
1301 532 1352 563 ac

143 599 253 643 Deo.
318 602 463 651 ltaque
478 600 561 654 jam
585 599 818 652 antiquitus
841 609 1033 641 caussam
1065 596 1352 650 reprehensio-

142 675 188 719 ni
229 675 447 727 praebuit,
477 686 522 716 ac
551 675 588 716 si
616 675 665 716 de
694 675 818 727 Deo,
848 673 1144 725 Providentia,
1175 681 1215 713 et
1248 671 1354 713 Ani-

142 762 308 792 morum
335 750 671 801 lmmortalitate‚
703 761 788 792 non
827 750 931 793 satis
957 749 1174 803 magnifice
1198 748 1355 790 sensis·

145 836 227 869 set.
286 826 365 866 Sed
397 835 529 866 tamen
565 825 750 867 acerrimi
784 827 906 867 etiam
929 825 1243 879 reprehensores
1266 832 1355 865 non

147 914 243 943 eum
267 902 346 942 hoc
370 903 538 942 nomine
557 911 835 953 accusarunt,
869 902 987 954 quasi
1012 900 1184 943 omnino
1209 910 1357 952 negas·

147 986 214 1019 set
250 978 410 1018 illarum
443 988 576 1017 rerum
611 977 853 1027 veritatem,
884 977 955 1019 sed
984 977 1100 1029 quod
1127 975 1355 1017 obscurius

146 1063 194 1092 ac
236 1052 367 1093 levius
418 1052 468 1092 de
500 1052 552 1093 iis
589 1053 928 1103 pronunciasset.
1001 1051 1149 1104 ltaque
1183 1050 1358 1092 Atticus

143 1127 257 1178 apud
289 1127 525 1169 Eusebium
561 1126 707 1179 Praep.
740 1128 906 1181 Evang.
933 1127 1030 1170 XV.
1058 1139 1101 1180 9.
1143 1125 1225 1168 hoc
1260 1124 1358 1178 qui-

146 1202 237 1243 dem
283 1201 502 1253 concedit,
566 1232 592 1252 ‚..
623 1201 893 1245 Aristotelem
930 1207 1034 1247 Νοῦν
1068 1202 1362 1244 Immortalem

143 1280 371 1319 statuisse:
402 1277 476 1319 sed
507 1277 651 1328 addit,
694 1279 797 1319 haec
827 1277 1167 1331 Immortalitas,
1197 1290 1363 1336 quomo·

141 1351 196 1394 do
222 1354 352 1393 menti
387 1353 510 1406 (νῷ)
542 1351 677 1394 tribui
702 1353 859 1408 possit,
891 1355 986 1411 quis
1018 1355 1146 1397 etiam
1187 1354 1274 1407 ejus
1305 1357 1366 1397 sit·

144 1437 241 1484 post
275 1439 450 1469 mortem
467 1436 604 1468 status
619 1458 634 1480 ,
665 1441 830 1470 ommno
856 1429 909 1470 ab
933 1429 1167 1473 Aristotele
1189 1443 1271 1473 non
1292 1443 1366 1474 ex·

141 1503 340 1560 plicitum
370 1501 503 1543 esse.”

208 1579 324 1632 Ergo
360 1579 638 1630 AristoteleS,
673 1587 721 1621 ut
756 1580 965 1635 obscure,
1010 1583 1082 1626 sed
1116 1592 1251 1627 tamen
1282 1593 1366 1628 sta·

1424 1597 1554 1627 summ.

1385 1640 1570 1668 sententiae

149 1654 235 1695 tuit
272 1652 469 1696 Animum
496 1666 587 1695 esse
609 1654 920 1708 Immortalem,
969 1657 1025 1701 ita
1051 1659 1102 1702 de
1124 1659 1368 1703 conditione
1387 1680 1599 1719 mmmm,

149 1728 261 1771 vitae
292 1727 457 1770 futurae
490 1730 550 1771 nl
583 1730 732 1773 diserte
755 1732 893 1775 dixit:
928 1742 1141 1788 ceterum,
1176 1742 1225 1776 ut
1256 1735 1369 1777 vide·

153 1811 253 1854 tur,
312 1803 470 1845 Animo
504 1803 631 1846 vitam
666 1807 834 1859 quidem
870 1809 1152 1853 Immortalem
1189 1810 1369 1863 tribuit,

157 1878 234 1920 sed
267 1890 351 1919 eam
379 1891 554 1921 vacuam
579 1893 601 1921 a
628 1894 762 1924 rerum
790 1883 1065 1936 singularium
1090 1886 1371 1941 cogitatione,

154 1952 386 2005 memoria,
418 1956 645 2007 appetitu,
677 1959 924 2012 voluptate,
954 1962 1113 2006 dolore.

219 2028 442 2070 Aristoteli
478 2033 688 2074 successit
723 2033 1247 2092 THEOPHRAsTus‚
1298 2050 1371 2080 cu-

157 2087 228 2159 3us
264 2116 314 2145 ex
345 2103 488 2145 multis
531 2107 700 2160 scriptis
725 2111 922 2163 quaedam
953 2124 1112 2156 servata
1134 2123 1263 2166 sunt,
1295 2126 1371 2157 nec

160 2187 299 2220 tamen
329 2191 404 2232 ea,
434 2179 476 2222 in
506 2182 662 2234 quibus
685 2185 734 2226 de
756 2186 910 2229 Anima
941 2188 1209 2241 prodiderat,
1238 2190 1373 2234 veluti

161 2254 281 2303 Θέσις
312 2256 396 2307 περὶ
426 2261 593 2311 ψυχῆς,
625 2271 746 2312 quam
793 2272 994 2304 memorat
1013 2263 1227 2318 Diogenes
1247 2264 1375 2309 Laer-

165 2329 253 2370 tius
299 2327 354 2372 V.
389 2332 459 2374 26.
523 2333 634 2376 Eum
669 2348 770 2378 vero
800 2336 845 2378 in
874 2337 971 2380 loco
1011 2338 1062 2381 de
1095 2341 1250 2384 Anima
1284 2353 1374 2385 non

167 2403 422 2447 dissensisse
463 2406 514 2448 ab
562 2409 822 2469 Aristotele,
865 2412 1087 2468 colligitur
1113 2427 1208 2459 cum
1248 2417 1372 2470 inde,

170 2480 287 2533 qucd
310 2481 426 2524 nulla
447 2483 559 2537 apud
576 2484 794 2541 Antiquos
821 2488 948 2542 hujus
970 2490 1246 2539 dissensionis
1260 2504 1375 2534 men·

225 2553 322 2600 Vol.
349 2553 408 2603 11.
814 2561 895 2621 (ἐς
1311 2568 1380 2615 tio

1432 2039 1549 2073 Theo·

1391 2085 1543 2126 phrastffl
