<?xml version="1.0" encoding="UTF-8"?>
<!DOCTYPE html PUBLIC "-//W3C//DTD XHTML 1.0 Transitional//EN"
    "http://www.w3.org/TR/xhtml1/DTD/xhtml1-transitional.dtd">
<html xmlns="http://www.w3.org/1999/xhtml" xml:lang="en" lang="en">
 <head>
  <title>
</title>
<meta http-equiv="Content-Type" content="text/html;charset=utf-8" />
  <meta name='ocr-system' content='tesseract 3.04.00' />
  <meta name='ocr-capabilities' content='ocr_page ocr_carea ocr_par ocr_line ocrx_word'/>
</head>
<body>
  <div class='ocr_page' id='page_1' title='image "./opusculavariiarg02wytt/opusculavariiarg02wytt_0272.png"; bbox 0 0 1693 3110; ppageno 0'>
   <div class='ocr_carea' id='block_1_1' title="bbox 263 154 1338 224">
    <p class='ocr_par' dir='ltr' id='par_1_1' title="bbox 263 154 1338 224">
     <span class='ocr_line' id='line_1_1' title="bbox 263 154 1338 224; baseline 0.003 -15"><span class='ocrx_word' id='word_1_1' title='bbox 263 165 348 224; x_wconf 74' lang='lat'><strong>256</strong></span> <span class='ocrx_word' id='word_1_2' title='bbox 455 163 688 209; x_wconf 84' lang='lat' dir='ltr'>ANNOT.</span> <span class='ocrx_word' id='word_1_3' title='bbox 720 171 781 205; x_wconf 62' lang='lat' dir='ltr'><strong>An</strong></span> <span class='ocrx_word' id='word_1_4' title='bbox 807 160 850 217; x_wconf 86' lang='lat' dir='ltr'><strong>J.</strong></span> <span class='ocrx_word' id='word_1_5' title='bbox 884 154 1039 207; x_wconf 70' lang='lat' dir='ltr'><strong>BAKn</strong></span> <span class='ocrx_word' id='word_1_6' title='bbox 1067 160 1302 211; x_wconf 68' lang='lat' dir='ltr'>MERUM</span> <span class='ocrx_word' id='word_1_7' title='bbox 1336 155 1338 158; x_wconf 80' lang='grc'>’</span> 
     </span>
    </p>
   </div>
   <div class='ocr_carea' id='block_1_2' title="bbox 264 287 1486 347">
    <p class='ocr_par' dir='ltr' id='par_1_2' title="bbox 264 287 1486 347">
     <span class='ocr_line' id='line_1_2' title="bbox 264 287 1486 347; baseline 0.006 -14"><span class='ocrx_word' id='word_1_8' title='bbox 264 291 546 347; x_wconf 66' lang='grc' dir='ltr'><strong>προσηγορίας,</strong></span> <span class='ocrx_word' id='word_1_9' title='bbox 586 287 604 328; x_wconf 71' lang='grc' dir='ltr'>ὃ</span> <span class='ocrx_word' id='word_1_10' title='bbox 645 287 703 339; x_wconf 70' lang='grc' dir='ltr'><strong>μὴ</strong></span> <span class='ocrx_word' id='word_1_11' title='bbox 734 291 867 334; x_wconf 77' lang='grc' dir='ltr'><em>κοινῶς</em></span> <span class='ocrx_word' id='word_1_12' title='bbox 905 288 1038 339; x_wconf 71' lang='grc' dir='ltr'><em>ποιὸν,</em></span> <span class='ocrx_word' id='word_1_13' title='bbox 1075 290 1176 338; x_wconf 76' lang='grc' dir='ltr'><em>ἰδίως</em></span> <span class='ocrx_word' id='word_1_14' title='bbox 1216 289 1258 334; x_wconf 76' lang='grc' dir='ltr'><strong>τ’</strong></span> <span class='ocrx_word' id='word_1_15' title='bbox 1286 293 1409 338; x_wconf 75' lang='grc' dir='ltr'><strong><em>ἐστίν.</em></strong></span> <span class='ocrx_word' id='word_1_16' title='bbox 1461 287 1486 340; x_wconf 62' lang='grc' dir='ltr'><em>ὃ</em></span> 
     </span>
    </p>
   </div>
   <div class='ocr_carea' id='block_1_3' title="bbox 262 361 1498 2563">
    <p class='ocr_par' dir='ltr' id='par_1_3' title="bbox 262 361 1495 1642">
     <span class='ocr_line' id='line_1_3' title="bbox 262 361 1477 418; baseline 0.003 -8"><span class='ocrx_word' id='word_1_17' title='bbox 262 369 304 411; x_wconf 75' lang='grc' dir='ltr'><strong>δὲ</strong></span> <span class='ocrx_word' id='word_1_18' title='bbox 329 368 471 418; x_wconf 83' lang='grc' dir='ltr'><strong><em>κόσμος</em></strong></span> <span class='ocrx_word' id='word_1_19' title='bbox 493 364 661 414; x_wconf 69' lang='grc' dir='ltr'><em>λέγεται</em></span> <span class='ocrx_word' id='word_1_20' title='bbox 688 368 815 410; x_wconf 77' lang='grc' dir='ltr'><em>κοινῶς</em></span> <span class='ocrx_word' id='word_1_21' title='bbox 838 361 939 406; x_wconf 74' lang='grc' dir='ltr'><em>εἶναι</em></span> <span class='ocrx_word' id='word_1_22' title='bbox 968 364 1072 410; x_wconf 76' lang='grc' dir='ltr'><em>ποιός</em></span> <span class='ocrx_word' id='word_1_23' title='bbox 1089 377 1100 388; x_wconf 79' lang='grc'><strong><em>’</em></strong></span> <span class='ocrx_word' id='word_1_24' title='bbox 1133 367 1235 413; x_wconf 79' lang='grc' dir='ltr'><em>ἰδίως</em></span> <span class='ocrx_word' id='word_1_25' title='bbox 1258 369 1295 410; x_wconf 81' lang='grc' dir='ltr'><strong>τ’</strong></span> <span class='ocrx_word' id='word_1_26' title='bbox 1321 368 1373 412; x_wconf 75' lang='grc' dir='ltr'><strong>αὖ</strong></span> <span class='ocrx_word' id='word_1_27' title='bbox 1392 386 1477 414; x_wconf 78' lang='grc' dir='ltr'><em>ποι-</em></span> 
     </span>
     <span class='ocr_line' id='line_1_4' title="bbox 263 439 1482 497; baseline -0.002 -14"><span class='ocrx_word' id='word_1_28' title='bbox 263 442 301 487; x_wconf 85' lang='grc' dir='ltr'><strong>ός</strong></span> <span class='ocrx_word' id='word_1_29' title='bbox 324 443 428 482; x_wconf 79' lang='grc' dir='ltr'><em>ἐστιν</em></span> <span class='ocrx_word' id='word_1_30' title='bbox 447 441 491 481; x_wconf 83' lang='grc' dir='ltr'><strong>ἐκ</strong></span> <span class='ocrx_word' id='word_1_31' title='bbox 511 441 701 490; x_wconf 68' lang='grc' dir='ltr'><strong>διαφορᾶς</strong></span> <span class='ocrx_word' id='word_1_32' title='bbox 726 444 798 487; x_wconf 74' lang='grc' dir='ltr'><strong>τῆς</strong></span> <span class='ocrx_word' id='word_1_33' title='bbox 822 440 913 491; x_wconf 79' lang='grc' dir='ltr'><strong>πρὸς</strong></span> <span class='ocrx_word' id='word_1_34' title='bbox 935 439 1048 483; x_wconf 65' lang='grc' dir='ltr'><strong>ἄλλα</strong></span> <span class='ocrx_word' id='word_1_35' title='bbox 1068 447 1245 491; x_wconf 71' lang='grc' dir='ltr'><strong>συγγενῆ</strong></span> <span class='ocrx_word' id='word_1_36' title='bbox 1269 443 1335 486; x_wconf 66' lang='grc' dir='ltr'><strong>καὶ</strong></span> <span class='ocrx_word' id='word_1_37' title='bbox 1356 446 1482 497; x_wconf 62' lang='lat' dir='ltr'><strong>o‘aose-</strong></span> 
     </span>
     <span class='ocr_line' id='line_1_5' title="bbox 262 514 1485 568; baseline 0.004 -10"><span class='ocrx_word' id='word_1_38' title='bbox 262 517 309 563; x_wconf 68' lang='grc' dir='ltr'><strong>δῦ</strong></span> <span class='ocrx_word' id='word_1_39' title='bbox 332 517 501 566; x_wconf 70' lang='grc' dir='ltr'><em>γεγονὼς</em></span> <span class='ocrx_word' id='word_1_40' title='bbox 522 519 702 561; x_wconf 65' lang='grc' dir='ltr'><em>τοιοῦτθς.</em></span> <span class='ocrx_word' id='word_1_41' title='bbox 736 514 984 566; x_wconf 80' lang='lat' dir='ltr'>Disputatio</span> <span class='ocrx_word' id='word_1_42' title='bbox 1004 529 1052 557; x_wconf 92' lang='lat' dir='ltr'><strong>eo</strong></span> <span class='ocrx_word' id='word_1_43' title='bbox 1074 517 1252 568; x_wconf 77' lang='lat' dir='ltr'><strong>pertinet</strong></span> <span class='ocrx_word' id='word_1_44' title='bbox 1273 528 1320 560; x_wconf 91' lang='lat' dir='ltr'><strong>ut</strong></span> <span class='ocrx_word' id='word_1_45' title='bbox 1344 530 1485 563; x_wconf 85' lang='lat' dir='ltr'><strong>osten-</strong></span> 
     </span>
     <span class='ocr_line' id='line_1_6' title="bbox 267 591 1481 651; baseline 0.005 -19"><span class='ocrx_word' id='word_1_46' title='bbox 267 593 419 643; x_wconf 75' lang='lat' dir='ltr'><strong>datur,</strong></span> <span class='ocrx_word' id='word_1_47' title='bbox 449 592 491 634; x_wconf 91' lang='lat' dir='ltr'><strong>in</strong></span> <span class='ocrx_word' id='word_1_48' title='bbox 513 604 648 633; x_wconf 84' lang='lat' dir='ltr'><strong>rerum</strong></span> <span class='ocrx_word' id='word_1_49' title='bbox 673 602 821 633; x_wconf 87' lang='lat' dir='ltr'><strong>natura</strong></span> <span class='ocrx_word' id='word_1_50' title='bbox 844 591 950 633; x_wconf 84' lang='lat' dir='ltr'><strong>nihil</strong></span> <span class='ocrx_word' id='word_1_51' title='bbox 986 605 1076 634; x_wconf 85' lang='lat' dir='ltr'><strong>esse</strong></span> <span class='ocrx_word' id='word_1_52' title='bbox 1109 595 1330 648; x_wconf 74' lang='lat' dir='ltr'><strong>singulare</strong></span> <span class='ocrx_word' id='word_1_53' title='bbox 1356 598 1481 651; x_wconf 85' lang='lat' dir='ltr'><strong>cujus</strong></span> 
     </span>
     <span class='ocr_line' id='line_1_7' title="bbox 264 669 1489 723; baseline 0.002 -12"><span class='ocrx_word' id='word_1_54' title='bbox 264 681 352 711; x_wconf 84' lang='lat' dir='ltr'><strong>non</strong></span> <span class='ocrx_word' id='word_1_55' title='bbox 390 669 446 710; x_wconf 88' lang='lat' dir='ltr'><strong>sit</strong></span> <span class='ocrx_word' id='word_1_56' title='bbox 481 682 612 722; x_wconf 85' lang='lat' dir='ltr'><strong>genus</strong></span> <span class='ocrx_word' id='word_1_57' title='bbox 647 681 869 710; x_wconf 86' lang='lat' dir='ltr'><strong>commune</strong></span> <span class='ocrx_word' id='word_1_58' title='bbox 904 682 950 710; x_wconf 88' lang='lat' dir='ltr'><strong>ac</strong></span> <span class='ocrx_word' id='word_1_59' title='bbox 984 670 1102 721; x_wconf 68' lang='grc' dir='ltr'><em>λόγος</em></span> <span class='ocrx_word' id='word_1_60' title='bbox 1147 673 1293 723; x_wconf 76' lang='grc' dir='ltr'><em>κοινὸς,</em></span> <span class='ocrx_word' id='word_1_61' title='bbox 1339 671 1382 713; x_wconf 88' lang='lat' dir='ltr'><strong>id</strong></span> <span class='ocrx_word' id='word_1_62' title='bbox 1421 680 1489 714; x_wconf 88' lang='lat' dir='ltr'><strong>est</strong></span> 
     </span>
     <span class='ocr_line' id='line_1_8' title="bbox 266 744 1487 801; baseline 0 -13"><span class='ocrx_word' id='word_1_63' title='bbox 266 745 487 797; x_wconf 77' lang='lat' dir='ltr'><strong>definitio,</strong></span> <span class='ocrx_word' id='word_1_64' title='bbox 519 747 639 798; x_wconf 83' lang='lat' dir='ltr'><strong>plura</strong></span> <span class='ocrx_word' id='word_1_65' title='bbox 673 744 826 786; x_wconf 79' lang='lat' dir='ltr'>similia</span> <span class='ocrx_word' id='word_1_66' title='bbox 863 744 1086 786; x_wconf 89' lang='lat' dir='ltr'><strong>continens</strong></span> <span class='ocrx_word' id='word_1_67' title='bbox 1120 745 1382 799; x_wconf 51' lang='lat' dir='ltr'><strong>singularia}</strong></span> <span class='ocrx_word' id='word_1_68' title='bbox 1408 746 1487 801; x_wconf 83' lang='lat' dir='ltr'><strong>igi-</strong></span> 
     </span>
     <span class='ocr_line' id='line_1_9' title="bbox 266 821 1491 875; baseline 0 -12"><span class='ocrx_word' id='word_1_69' title='bbox 266 831 337 864; x_wconf 87' lang='lat' dir='ltr'><strong>tur</strong></span> <span class='ocrx_word' id='word_1_70' title='bbox 371 824 514 875; x_wconf 85' lang='lat' dir='ltr'><strong>plures</strong></span> <span class='ocrx_word' id='word_1_71' title='bbox 551 835 644 865; x_wconf 78' lang='lat' dir='ltr'><strong>esse</strong></span> <span class='ocrx_word' id='word_1_72' title='bbox 676 822 898 871; x_wconf 79' lang='lat' dir='ltr'><strong>Mundos‚</strong></span> <span class='ocrx_word' id='word_1_73' title='bbox 929 833 1004 863; x_wconf 81' lang='lat' dir='ltr'><strong>nec</strong></span> <span class='ocrx_word' id='word_1_74' title='bbox 1042 821 1157 862; x_wconf 84' lang='lat' dir='ltr'><strong>hunc</strong></span> <span class='ocrx_word' id='word_1_75' title='bbox 1183 822 1353 863; x_wconf 89' lang='lat' dir='ltr'><strong>unicum</strong></span> <span class='ocrx_word' id='word_1_76' title='bbox 1381 821 1491 863; x_wconf 89' lang='lat' dir='ltr'><strong>indi-</strong></span> 
     </span>
     <span class='ocr_line' id='line_1_10' title="bbox 265 889 1486 954; baseline 0.002 -15"><span class='ocrx_word' id='word_1_77' title='bbox 265 899 441 941; x_wconf 88' lang='lat' dir='ltr'><strong>viduum</strong></span> <span class='ocrx_word' id='word_1_78' title='bbox 477 898 520 940; x_wconf 90' lang='lat' dir='ltr'><strong>in</strong></span> <span class='ocrx_word' id='word_1_79' title='bbox 560 910 705 950; x_wconf 81' lang='lat' dir='ltr'><strong>genere</strong></span> <span class='ocrx_word' id='word_1_80' title='bbox 742 897 1022 941; x_wconf 85' lang='lat' dir='ltr'><strong>Mundorum.</strong></span> <span class='ocrx_word' id='word_1_81' title='bbox 1081 897 1228 939; x_wconf 87' lang='lat' dir='ltr'><strong>Dictio</strong></span> <span class='ocrx_word' id='word_1_82' title='bbox 1266 900 1305 943; x_wconf 84' lang='grc' dir='ltr'><strong>ἐν</strong></span> <span class='ocrx_word' id='word_1_83' title='bbox 1338 889 1486 954; x_wconf 67' lang='grc' dir='ltr'><em>ἆριθμῷ</em></span> 
     </span>
     <span class='ocr_line' id='line_1_11' title="bbox 267 972 1491 1028; baseline -0.004 -9"><span class='ocrx_word' id='word_1_84' title='bbox 267 974 393 1026; x_wconf 67' lang='grc' dir='ltr'><strong><em>εἶναι,</em></strong></span> <span class='ocrx_word' id='word_1_85' title='bbox 426 974 649 1028; x_wconf 85' lang='lat' dir='ltr'><strong>respondet</strong></span> <span class='ocrx_word' id='word_1_86' title='bbox 674 972 923 1026; x_wconf 72' lang='lat' dir='ltr'><strong>individuo,·</strong></span> <span class='ocrx_word' id='word_1_87' title='bbox 948 985 1035 1025; x_wconf 90' lang='lat' dir='ltr'><strong>quo</strong></span> <span class='ocrx_word' id='word_1_88' title='bbox 1059 975 1230 1016; x_wconf 86' lang='lat' dir='ltr'><strong>nomine</strong></span> <span class='ocrx_word' id='word_1_89' title='bbox 1253 976 1393 1017; x_wconf 87' lang='lat' dir='ltr'><strong>minus</strong></span> <span class='ocrx_word' id='word_1_90' title='bbox 1415 988 1491 1017; x_wconf 87' lang='lat' dir='ltr'><strong>ve.</strong></span> 
     </span>
     <span class='ocr_line' id='line_1_12' title="bbox 266 1038 1490 1103; baseline 0.002 -11"><span class='ocrx_word' id='word_1_91' title='bbox 266 1051 341 1093; x_wconf 83' lang='lat' dir='ltr'><strong>riti</strong></span> <span class='ocrx_word' id='word_1_92' title='bbox 379 1063 526 1092; x_wconf 83' lang='lat' dir='ltr'><strong>smnus</strong></span> <span class='ocrx_word' id='word_1_93' title='bbox 560 1051 650 1101; x_wconf 84' lang='lat' dir='ltr'><strong>uti,</strong></span> <span class='ocrx_word' id='word_1_94' title='bbox 696 1049 814 1101; x_wconf 87' lang='lat' dir='ltr'><strong>quod</strong></span> <span class='ocrx_word' id='word_1_95' title='bbox 848 1038 1024 1092; x_wconf 85' lang='lat' dir='ltr'><strong>Graecis</strong></span> <span class='ocrx_word' id='word_1_96' title='bbox 1056 1062 1229 1103; x_wconf 86' lang='lat' dir='ltr'><strong>quoque</strong></span> <span class='ocrx_word' id='word_1_97' title='bbox 1261 1060 1490 1103; x_wconf 85' lang='lat' dir='ltr'><strong>utrumque</strong></span> 
     </span>
     <span class='ocr_line' id='line_1_13' title="bbox 269 1125 1487 1177; baseline 0.002 -11"><span class='ocrx_word' id='word_1_98' title='bbox 269 1126 353 1166; x_wconf 85' lang='lat' dir='ltr'><strong>hoc</strong></span> <span class='ocrx_word' id='word_1_99' title='bbox 391 1138 517 1166; x_wconf 79' lang='lat' dir='ltr'><strong>sensu</strong></span> <span class='ocrx_word' id='word_1_100' title='bbox 552 1135 804 1177; x_wconf 84' lang='lat' dir='ltr'><strong>usurpatum</strong></span> <span class='ocrx_word' id='word_1_101' title='bbox 841 1126 1071 1177; x_wconf 84' lang='lat' dir='ltr'><strong>reperitur,</strong></span> <span class='ocrx_word' id='word_1_102' title='bbox 1103 1125 1177 1177; x_wconf 90' lang='lat' dir='ltr'><strong>qui</strong></span> <span class='ocrx_word' id='word_1_103' title='bbox 1209 1126 1389 1168; x_wconf 82' lang='lat' dir='ltr'><strong>subinde</strong></span> <span class='ocrx_word' id='word_1_104' title='bbox 1421 1128 1487 1168; x_wconf 78' lang='lat' dir='ltr'><strong>res</strong></span> 
     </span>
     <span class='ocr_line' id='line_1_14' title="bbox 271 1202 1491 1256; baseline 0.001 -12"><span class='ocrx_word' id='word_1_105' title='bbox 271 1203 536 1254; x_wconf 72' lang='lat' dir='ltr'><strong>singulares,</strong></span> <span class='ocrx_word' id='word_1_106' title='bbox 559 1203 725 1255; x_wconf 69' lang='grc' dir='ltr'><em>ἄτομοι,</em></span> <span class='ocrx_word' id='word_1_107' title='bbox 757 1202 1040 1254; x_wconf 83' lang='lat' dir='ltr'><strong>appellarunt.</strong></span> <span class='ocrx_word' id='word_1_108' title='bbox 1086 1203 1305 1245; x_wconf 87' lang='lat' dir='ltr'><strong>Caeterum</strong></span> <span class='ocrx_word' id='word_1_109' title='bbox 1331 1203 1375 1245; x_wconf 91' lang='lat' dir='ltr'><strong>in</strong></span> <span class='ocrx_word' id='word_1_110' title='bbox 1402 1204 1491 1256; x_wconf 87' lang='lat' dir='ltr'><strong>pla-</strong></span> 
     </span>
     <span class='ocr_line' id='line_1_15' title="bbox 268 1278 1492 1330; baseline -0.002 -10"><span class='ocrx_word' id='word_1_111' title='bbox 268 1279 356 1321; x_wconf 88' lang='lat' dir='ltr'><strong>cito</strong></span> <span class='ocrx_word' id='word_1_112' title='bbox 388 1280 437 1320; x_wconf 90' lang='lat' dir='ltr'><strong>de</strong></span> <span class='ocrx_word' id='word_1_113' title='bbox 469 1278 747 1330; x_wconf 62' lang='lat' dir='ltr'><strong>Iricliscrctis,</strong></span> <span class='ocrx_word' id='word_1_114' title='bbox 780 1279 896 1330; x_wconf 82' lang='lat' dir='ltr'><strong>quod</strong></span> <span class='ocrx_word' id='word_1_115' title='bbox 928 1278 1142 1320; x_wconf 85' lang='lat' dir='ltr'><strong>hodiernis</strong></span> <span class='ocrx_word' id='word_1_116' title='bbox 1176 1279 1333 1320; x_wconf 89' lang='lat' dir='ltr'><strong>dicitur</strong></span> <span class='ocrx_word' id='word_1_117' title='bbox 1357 1280 1492 1321; x_wconf 79' lang='lat' dir='ltr'><strong>Prin.</strong></span> 
     </span>
     <span class='ocr_line' id='line_1_16' title="bbox 271 1355 1491 1413; baseline -0.002 -13"><span class='ocrx_word' id='word_1_118' title='bbox 271 1361 428 1413; x_wconf 73' lang='lat' dir='ltr'><strong>cipium</strong></span> <span class='ocrx_word' id='word_1_119' title='bbox 459 1357 876 1407; x_wconf 71' lang='lat' dir='ltr'><strong>Indiscernibilium‚</strong></span> <span class='ocrx_word' id='word_1_120' title='bbox 910 1355 1063 1398; x_wconf 88' lang='lat' dir='ltr'><strong>Cicero</strong></span> <span class='ocrx_word' id='word_1_121' title='bbox 1097 1357 1230 1399; x_wconf 88' lang='lat' dir='ltr'><strong>Acad.</strong></span> <span class='ocrx_word' id='word_1_122' title='bbox 1257 1356 1329 1408; x_wconf 87' lang='lat' dir='ltr'><strong>II,</strong></span> <span class='ocrx_word' id='word_1_123' title='bbox 1367 1356 1413 1400; x_wconf 87' lang='lat'><strong>18</strong></span> <span class='ocrx_word' id='word_1_124' title='bbox 1449 1366 1491 1398; x_wconf 86' lang='lat' dir='ltr'><strong>et.</strong></span> 
     </span>
     <span class='ocr_line' id='line_1_17' title="bbox 270 1432 1494 1486; baseline -0.003 -9"><span class='ocrx_word' id='word_1_125' title='bbox 270 1436 354 1483; x_wconf 69' lang='lat'><strong>26,</strong></span> <span class='ocrx_word' id='word_1_126' title='bbox 387 1436 530 1476; x_wconf 85' lang='lat' dir='ltr'><strong>relicta</strong></span> <span class='ocrx_word' id='word_1_127' title='bbox 564 1433 708 1476; x_wconf 89' lang='lat' dir='ltr'><strong>Stoica</strong></span> <span class='ocrx_word' id='word_1_128' title='bbox 746 1433 1013 1483; x_wconf 82' lang='lat' dir='ltr'><strong>subtilitate,</strong></span> <span class='ocrx_word' id='word_1_129' title='bbox 1046 1432 1330 1484; x_wconf 85' lang='lat' dir='ltr'><strong>quaestionem</strong></span> <span class='ocrx_word' id='word_1_130' title='bbox 1353 1446 1494 1486; x_wconf 87' lang='lat' dir='ltr'><strong>popu-</strong></span> 
     </span>
     <span class='ocr_line' id='line_1_18' title="bbox 268 1501 1495 1567; baseline -0.002 -14"><span class='ocrx_word' id='word_1_131' title='bbox 268 1511 345 1554; x_wconf 87' lang='lat' dir='ltr'><strong>]ari</strong></span> <span class='ocrx_word' id='word_1_132' title='bbox 377 1511 537 1552; x_wconf 88' lang='lat' dir='ltr'><strong>ratione</strong></span> <span class='ocrx_word' id='word_1_133' title='bbox 569 1511 618 1551; x_wconf 87' lang='lat' dir='ltr'><strong>ad</strong></span> <span class='ocrx_word' id='word_1_134' title='bbox 650 1510 939 1552; x_wconf 85' lang='lat' dir='ltr'><strong>Romanorum</strong></span> <span class='ocrx_word' id='word_1_135' title='bbox 976 1508 1044 1550; x_wconf 86' lang='lat' dir='ltr'><strong>his</strong></span> <span class='ocrx_word' id='word_1_136' title='bbox 1075 1509 1120 1551; x_wconf 89' lang='lat' dir='ltr'><strong>in</strong></span> <span class='ocrx_word' id='word_1_137' title='bbox 1154 1501 1278 1551; x_wconf 85' lang='lat' dir='ltr'><strong>rebus</strong></span> <span class='ocrx_word' id='word_1_138' title='bbox 1312 1522 1422 1567; x_wconf 82' lang='lat' dir='ltr'><strong>noya</strong></span> <span class='ocrx_word' id='word_1_139' title='bbox 1454 1518 1495 1552; x_wconf 85' lang='lat' dir='ltr'><strong>et</strong></span> 
     </span>
     <span class='ocr_line' id='line_1_19' title="bbox 269 1585 978 1642; baseline -0.007 -12"><span class='ocrx_word' id='word_1_140' title='bbox 269 1588 390 1630; x_wconf 81' lang='lat' dir='ltr'><strong>rudia</strong></span> <span class='ocrx_word' id='word_1_141' title='bbox 428 1587 594 1642; x_wconf 82' lang='lat' dir='ltr'><strong>ingenia</strong></span> <span class='ocrx_word' id='word_1_142' title='bbox 627 1585 978 1628; x_wconf 85' lang='lat' dir='ltr'><strong>accommodavit.</strong></span> 
     </span>
    </p>

    <p class='ocr_par' dir='ltr' id='par_1_4' title="bbox 269 1661 1498 2028">
     <span class='ocr_line' id='line_1_20' title="bbox 328 1661 1498 1716; baseline -0.001 -9"><span class='ocrx_word' id='word_1_143' title='bbox 328 1666 379 1708; x_wconf 87' lang='lat' dir='ltr'><strong>P.</strong></span> <span class='ocrx_word' id='word_1_144' title='bbox 405 1677 475 1716; x_wconf 76' lang='lat'><strong>52.</strong></span> <span class='ocrx_word' id='word_1_145' title='bbox 518 1661 583 1706; x_wconf 83' lang='lat' dir='ltr'><strong>De</strong></span> <span class='ocrx_word' id='word_1_146' title='bbox 615 1663 806 1716; x_wconf 83' lang='lat' dir='ltr'><strong>quinque</strong></span> <span class='ocrx_word' id='word_1_147' title='bbox 844 1662 910 1703; x_wconf 88' lang='lat' dir='ltr'><strong>his</strong></span> <span class='ocrx_word' id='word_1_148' title='bbox 946 1661 1199 1714; x_wconf 84' lang='lat' dir='ltr'><strong>corporibus</strong></span> <span class='ocrx_word' id='word_1_149' title='bbox 1237 1663 1498 1706; x_wconf 83' lang='lat' dir='ltr'><strong>mathemati-</strong></span> 
     </span>
     <span class='ocr_line' id='line_1_21' title="bbox 272 1738 1498 1794; baseline -0.002 -10"><span class='ocrx_word' id='word_1_150' title='bbox 272 1743 366 1794; x_wconf 62' lang='lat' dir='ltr'><strong>cis„</strong></span> <span class='ocrx_word' id='word_1_151' title='bbox 401 1743 425 1783; x_wconf 68' lang='lat' dir='ltr'><strong>a</strong></span> <span class='ocrx_word' id='word_1_152' title='bbox 444 1742 618 1783; x_wconf 87' lang='lat' dir='ltr'><strong>Platone</strong></span> <span class='ocrx_word' id='word_1_153' title='bbox 651 1740 693 1782; x_wconf 87' lang='lat' dir='ltr'><strong>in</strong></span> <span class='ocrx_word' id='word_1_154' title='bbox 717 1740 939 1782; x_wconf 85' lang='lat' dir='ltr'><strong>condendo</strong></span> <span class='ocrx_word' id='word_1_155' title='bbox 962 1738 1129 1780; x_wconf 89' lang='lat' dir='ltr'><strong>Mundo</strong></span> <span class='ocrx_word' id='word_1_156' title='bbox 1160 1739 1405 1792; x_wconf 81' lang='lat' dir='ltr'><strong>celebratis,</strong></span> <span class='ocrx_word' id='word_1_157' title='bbox 1435 1741 1498 1782; x_wconf 92' lang='lat' dir='ltr'><strong>di-</strong></span> 
     </span>
     <span class='ocr_line' id='line_1_22' title="bbox 275 1814 1494 1871; baseline 0.002 -11"><span class='ocrx_word' id='word_1_158' title='bbox 275 1820 416 1862; x_wconf 80' lang='lat' dir='ltr'><strong>ximus</strong></span> <span class='ocrx_word' id='word_1_159' title='bbox 449 1819 495 1860; x_wconf 91' lang='lat' dir='ltr'><strong>in</strong></span> <span class='ocrx_word' id='word_1_160' title='bbox 531 1816 822 1858; x_wconf 84' lang='lat' dir='ltr'><strong>Annotatione</strong></span> <span class='ocrx_word' id='word_1_161' title='bbox 845 1816 895 1857; x_wconf 86' lang='lat' dir='ltr'><strong>ad</strong></span> <span class='ocrx_word' id='word_1_162' title='bbox 915 1814 1202 1857; x_wconf 87' lang='lat' dir='ltr'><strong>Phaedonem:</strong></span> <span class='ocrx_word' id='word_1_163' title='bbox 1235 1817 1357 1871; x_wconf 86' lang='lat' dir='ltr'><strong>cujus</strong></span> <span class='ocrx_word' id='word_1_164' title='bbox 1380 1819 1494 1861; x_wconf 78' lang='grc' dir='ltr'><em>δωδε-</em></span> 
     </span>
     <span class='ocr_line' id='line_1_23' title="bbox 273 1890 1492 1949; baseline -0.003 -9"><span class='ocrx_word' id='word_1_165' title='bbox 273 1898 468 1941; x_wconf 74' lang='grc' dir='ltr'><em>κάσκυτος</em></span> <span class='ocrx_word' id='word_1_166' title='bbox 495 1899 652 1949; x_wconf 58' lang='grc' dir='ltr'><strong>σφαῖραι</strong></span> <span class='ocrx_word' id='word_1_167' title='bbox 687 1906 731 1945; x_wconf 92' lang='lat' dir='ltr'><strong>p.</strong></span> <span class='ocrx_word' id='word_1_168' title='bbox 770 1893 852 1945; x_wconf 79' lang='lat'><strong>85,</strong></span> <span class='ocrx_word' id='word_1_169' title='bbox 885 1900 1057 1933; x_wconf 86' lang='lat' dir='ltr'><strong>nostrae</strong></span> <span class='ocrx_word' id='word_1_170' title='bbox 1078 1890 1307 1945; x_wconf 74' lang='lat' dir='ltr'><strong>editionis,</strong></span> <span class='ocrx_word' id='word_1_171' title='bbox 1340 1905 1387 1934; x_wconf 85' lang='lat' dir='ltr'><strong>ex</strong></span> <span class='ocrx_word' id='word_1_172' title='bbox 1410 1893 1492 1936; x_wconf 89' lang='lat' dir='ltr'><strong>hoc</strong></span> 
     </span>
     <span class='ocr_line' id='line_1_24' title="bbox 269 1970 869 2028; baseline -0.008 -13"><span class='ocrx_word' id='word_1_173' title='bbox 269 1973 431 2028; x_wconf 87' lang='lat' dir='ltr'><strong>placito</strong></span> <span class='ocrx_word' id='word_1_174' title='bbox 456 1970 763 2022; x_wconf 83' lang='lat' dir='ltr'><strong>interpretanda</strong></span> <span class='ocrx_word' id='word_1_175' title='bbox 789 1977 869 2010; x_wconf 89' lang='lat' dir='ltr'><strong>est.</strong></span> 
     </span>
    </p>

    <p class='ocr_par' dir='ltr' id='par_1_5' title="bbox 272 2044 1498 2563">
     <span class='ocr_line' id='line_1_25' title="bbox 331 2044 1489 2099; baseline -0.004 -6"><span class='ocrx_word' id='word_1_176' title='bbox 331 2049 377 2093; x_wconf 93' lang='lat' dir='ltr'><strong>P.</strong></span> <span class='ocrx_word' id='word_1_177' title='bbox 404 2050 476 2091; x_wconf 81' lang='lat'><strong>61.</strong></span> <span class='ocrx_word' id='word_1_178' title='bbox 509 2046 751 2088; x_wconf 84' lang='lat' dir='ltr'><strong>Heraclides</strong></span> <span class='ocrx_word' id='word_1_179' title='bbox 782 2045 991 2088; x_wconf 83' lang='lat' dir='ltr'><strong>Ponticus</strong></span> <span class='ocrx_word' id='word_1_180' title='bbox 1026 2057 1147 2098; x_wconf 87' lang='lat' dir='ltr'><strong>quem</strong></span> <span class='ocrx_word' id='word_1_181' title='bbox 1174 2044 1380 2099; x_wconf 86' lang='lat' dir='ltr'><strong>significet</strong></span> <span class='ocrx_word' id='word_1_182' title='bbox 1411 2047 1489 2088; x_wconf 85' lang='lat' dir='ltr'><strong>hu·</strong></span> 
     </span>
     <span class='ocr_line' id='line_1_26' title="bbox 272 2122 1496 2184; baseline -0.004 -15"><span class='ocrx_word' id='word_1_183' title='bbox 272 2130 344 2184; x_wconf 86' lang='lat' dir='ltr'><strong>jus</strong></span> <span class='ocrx_word' id='word_1_184' title='bbox 389 2134 613 2179; x_wconf 86' lang='lat' dir='ltr'><strong>patronum</strong></span> <span class='ocrx_word' id='word_1_185' title='bbox 662 2122 919 2174; x_wconf 79' lang='lat' dir='ltr'><strong>sententiae,</strong></span> <span class='ocrx_word' id='word_1_186' title='bbox 960 2122 1055 2164; x_wconf 76' lang='lat' dir='ltr'><strong>Sole</strong></span> <span class='ocrx_word' id='word_1_187' title='bbox 1098 2125 1225 2163; x_wconf 76' lang='lat' dir='ltr'><strong>etiam</strong></span> <span class='ocrx_word' id='word_1_188' title='bbox 1269 2133 1496 2176; x_wconf 79' lang='lat' dir='ltr'><strong>manente,</strong></span> 
     </span>
     <span class='ocr_line' id='line_1_27' title="bbox 272 2198 1498 2256; baseline -0.003 -11"><span class='ocrx_word' id='word_1_189' title='bbox 272 2202 414 2245; x_wconf 75' lang='lat' dir='ltr'><strong>Terra</strong></span> <span class='ocrx_word' id='word_1_190' title='bbox 437 2210 576 2242; x_wconf 74' lang='lat' dir='ltr'><strong>autem</strong></span> <span class='ocrx_word' id='word_1_191' title='bbox 603 2210 742 2252; x_wconf 79' lang='lat' dir='ltr'><strong>mota,</strong></span> <span class='ocrx_word' id='word_1_192' title='bbox 775 2208 1050 2256; x_wconf 74' lang='lat' dir='ltr'><strong>apparentem</strong></span> <span class='ocrx_word' id='word_1_193' title='bbox 1074 2198 1181 2241; x_wconf 79' lang='lat' dir='ltr'><strong>Solis</strong></span> <span class='ocrx_word' id='word_1_194' title='bbox 1203 2201 1498 2256; x_wconf 77' lang='lat' dir='ltr'><strong>inaequalita-</strong></span> 
     </span>
     <span class='ocr_line' id='line_1_28' title="bbox 277 2276 1498 2332; baseline -0.004 -10"><span class='ocrx_word' id='word_1_195' title='bbox 277 2288 358 2322; x_wconf 75' lang='lat' dir='ltr'><strong>tem</strong></span> <span class='ocrx_word' id='word_1_196' title='bbox 396 2279 562 2320; x_wconf 70' lang='lat' dir='ltr'><strong>servari</strong></span> <span class='ocrx_word' id='word_1_197' title='bbox 592 2289 733 2332; x_wconf 75' lang='lat' dir='ltr'><strong>posse,</strong></span> <span class='ocrx_word' id='word_1_198' title='bbox 768 2277 910 2330; x_wconf 84' lang='lat' dir='ltr'><strong>quaeri</strong></span> <span class='ocrx_word' id='word_1_199' title='bbox 944 2286 1108 2329; x_wconf 85' lang='lat' dir='ltr'><strong>posset.</strong></span> <span class='ocrx_word' id='word_1_200' title='bbox 1170 2276 1278 2317; x_wconf 88' lang='lat' dir='ltr'><strong>Nam</strong></span> <span class='ocrx_word' id='word_1_201' title='bbox 1313 2276 1498 2319; x_wconf 59' lang='lat' dir='ltr'><strong>Aristar*-</strong></span> 
     </span>
     <span class='ocr_line' id='line_1_29' title="bbox 273 2355 1494 2409; baseline -0.002 -9"><span class='ocrx_word' id='word_1_202' title='bbox 273 2360 400 2401; x_wconf 80' lang='lat' dir='ltr'><strong>chum</strong></span> <span class='ocrx_word' id='word_1_203' title='bbox 435 2355 649 2406; x_wconf 75' lang='lat' dir='ltr'><strong>Samium,</strong></span> <span class='ocrx_word' id='word_1_204' title='bbox 694 2355 766 2407; x_wconf 86' lang='lat' dir='ltr'><strong>qui</strong></span> <span class='ocrx_word' id='word_1_205' title='bbox 810 2356 889 2398; x_wconf 85' lang='lat' dir='ltr'><strong>hoc</strong></span> <span class='ocrx_word' id='word_1_206' title='bbox 934 2356 1135 2409; x_wconf 81' lang='lat' dir='ltr'><strong>placitum</strong></span> <span class='ocrx_word' id='word_1_207' title='bbox 1184 2356 1409 2398; x_wconf 85' lang='lat' dir='ltr'><strong>celebravit</strong></span> <span class='ocrx_word' id='word_1_208' title='bbox 1454 2367 1494 2398; x_wconf 85' lang='lat' dir='ltr'><strong>et</strong></span> 
     </span>
     <span class='ocr_line' id='line_1_30' title="bbox 278 2432 1496 2485; baseline -0.003 -9"><span class='ocrx_word' id='word_1_209' title='bbox 278 2433 424 2476; x_wconf 72' lang='lat' dir='ltr'><strong>libello</strong></span> <span class='ocrx_word' id='word_1_210' title='bbox 462 2432 673 2482; x_wconf 78' lang='lat' dir='ltr'><strong>hodieque</strong></span> <span class='ocrx_word' id='word_1_211' title='bbox 695 2432 808 2473; x_wconf 81' lang='lat' dir='ltr'><strong>edito</strong></span> <span class='ocrx_word' id='word_1_212' title='bbox 843 2433 928 2485; x_wconf 80' lang='grc' dir='ltr'><strong>περὶ</strong></span> <span class='ocrx_word' id='word_1_213' title='bbox 965 2435 1141 2482; x_wconf 69' lang='grc' dir='ltr'><strong>μεγεθῶν</strong></span> <span class='ocrx_word' id='word_1_214' title='bbox 1167 2432 1232 2474; x_wconf 64' lang='grc' dir='ltr'><strong>καὶ</strong></span> <span class='ocrx_word' id='word_1_215' title='bbox 1255 2433 1496 2483; x_wconf 62' lang='grc' dir='ltr'>ἀποστημά-</span> 
     </span>
     <span class='ocr_line' id='line_1_31' title="bbox 281 2506 1498 2563; baseline -0.007 -9"><span class='ocrx_word' id='word_1_216' title='bbox 281 2528 356 2555; x_wconf 79' lang='grc' dir='ltr'><strong>των</strong></span> <span class='ocrx_word' id='word_1_217' title='bbox 378 2511 513 2562; x_wconf 70' lang='grc' dir='ltr'><strong><em>Ἡλίου</em></strong></span> <span class='ocrx_word' id='word_1_218' title='bbox 539 2509 603 2553; x_wconf 78' lang='grc' dir='ltr'><strong>καὶ</strong></span> <span class='ocrx_word' id='word_1_219' title='bbox 631 2510 804 2561; x_wconf 67' lang='grc' dir='ltr'><strong>Σελήνης</strong></span> <span class='ocrx_word' id='word_1_220' title='bbox 832 2508 1045 2563; x_wconf 73' lang='lat' dir='ltr'><strong>prodidit,</strong></span> <span class='ocrx_word' id='word_1_221' title='bbox 1079 2507 1309 2562; x_wconf 78' lang='lat' dir='ltr'><strong>quominus</strong></span> <span class='ocrx_word' id='word_1_222' title='bbox 1344 2506 1498 2548; x_wconf 80' lang='lat' dir='ltr'><strong>intelli·</strong></span> 
     </span>
    </p>
   </div>
   <div class='ocr_carea' id='block_1_4' title="bbox 1432 2592 1505 2634">
    <p class='ocr_par' dir='ltr' id='par_1_6' title="bbox 1432 2592 1505 2634">
     <span class='ocr_line' id='line_1_32' title="bbox 1432 2592 1505 2634; baseline 0 0"><span class='ocrx_word' id='word_1_223' title='bbox 1432 2592 1505 2634; x_wconf 62' lang='lat'><strong>‘321⁶</strong></span> 
     </span>
    </p>
   </div>
  </div>
 </body>
</html>
