1693 3110
327 162 407 207 DE
436 156 954 206 lMMoRTAmTATE
989 156 1182 201 ANIMI.
1281 168 1366 213 ⁵07

155 304 249 339 ung,
301 287 484 339 ἀεροειδῆ·
533 284 562 332 i,
612 296 648 326 e.
723 283 1087 335 „Anaxagoras,
1138 282 1370 323 Anaxime-
1391 298 1477 328 sect.
1498 295 1529 328 1,

157 377 256 414 nes,
289 361 552 410 Archelaus,
585 359 823 412 Diogenes,
854 356 1060 398 dixerunt
1089 357 1275 398 animam
1311 370 1369 399 cs·
1393 337 1561 418 ξ’ἒξξξὸο.

160 453 203 483 sc
236 435 457 481 aeream?
523 435 652 477 Porro
684 432 937 474 Aristoteles
969 432 1019 471 de
1053 430 1206 471 Anima
1245 431 1277 475 1.
1326 444 1368 475 2.
1391 431 1454 455 ¹²⁵·

152 526 225 565 29.
273 524 367 553 eum
403 512 446 552 in
489 504 628 551 eorum
666 518 811 561 genere
856 505 1008 556 ponit,
1054 504 1129 556 qui
1175 506 1371 551 Animam

154 587 291 629 tribus
318 586 405 628 illis
441 584 769 639 proprietatibus
801 581 1080 630 definierunt,
1111 588 1252 630 motu,
1283 592 1374 620 sen·

155 676 234 715 su,
264 673 305 705 et
334 665 540 717 ἀσωμάτῳ
575 661 606 704 i.
642 672 679 703 e.
719 656 913 700 absentia*
945 666 1169 712 corporeae
1203 666 1371 695 concre-

159 742 304 784 tionis.
367 741 424 784 Et
458 741 538 782 hoc
573 738 740 792 quidem
767 735 870 778 satis
913 744 976 775 est
1015 734 1065 775 ad
1099 731 1372 777 refellendum

156 818 339 872 priorem
374 818 512 859 locum
531 846 545 868 ‚
575 827 663 868 quo
690 813 894 862 traditur,
925 812 1212 864 Anaxagoram
1240 809 1373 851 dixis-

156 904 231 944 se,
263 896 450 938 ammam
486 905 568 933 csse
601 901 766 945 corpus.
839 887 1055 930 Posterior
1084 888 1205 927 locus
1231 885 1371 942 operis

153 968 205 1011 de
234 966 380 1008 Placit.
419 966 529 1007 Phil.
567 964 624 1007 V.
661 975 731 1018 25.
778 963 846 1006 hic
880 972 943 1004 est
987 962 1060 1003 ubi
1099 963 1372 1015 Anaxagorae

155 1041 303 1094 opinio
325 1042 375 1083 de
398 1053 549 1084 somno
572 1041 774 1092 refertur,
799 1049 839 1082 et
864 1040 944 1080 hoc
970 1039 1240 1092 adjungitur,
1267 1037 1370 1084 εἶναι

154 1118 195 1161 δὲ
229 1117 294 1160 καὶ
321 1122 455 1171 ψυχῆς
477 1117 641 1160 θάνατον
668 1118 737 1161 τὸν
762 1115 1040 1169 διαχωρισμόν·
1101 1112 1216 1154 Haec
1244 1113 1371 1159 verba

155 1202 372 1236 torserunt
393 1205 488 1236 cum
518 1193 764 1247 interpretes
793 1193 946 1234 doctos
973 1192 1062 1245 ejus
1088 1190 1252 1243 operiS‚
1278 1199 1371 1231 tum

155 1269 382 1322 Stanlejum
420 1271 534 1312 Hist0
577 1269 688 1310 Phil.
719 1267 776 1310 T.
806 1267 844 1309 Ι.
886 1279 931 1319 p.
965 1279 1069 1321 104:
1113 1276 1152 1307 et
1189 1264 1371 1306 Brucke·

155 1354 246 1392 rum
272 1343 387 1386 Hist.
418 1343 530 1386 Crit.
552 1343 662 1386 Phil.
692 1342 747 1385 T.
773 1340 809 1383 I.
849 1354 897 1395 p.
926 1350 1024 1394 514.
1085 1343 1260 1383 Accedit
1290 1341 1370 1383 alia

155 1418 402 1472 difficultas,
433 1432 455 1461 a
483 1420 586 1462 viris
613 1419 701 1462 illis
724 1430 810 1461 non
833 1418 1083 1468 observata,
1117 1418 1232 1469 quod
1254 1429 1372 1459 com-

154 1496 311 1548 pilator
342 1496 480 1547 operis
513 1496 562 1537 de
599 1495 769 1538 Placitis
803 1493 943 1545 Phil„
982 1494 1055 1544 qui
1090 1493 1170 1534 sub
1197 1495 1368 1536 nornine

152 1569 305 1615 ,Galeni
355 1573 481 1622 latet,
522 1571 627 1614 idem
670 1570 815 1614 iisdem
856 1570 994 1613 verbis
1032 1571 1082 1611 de
1117 1571 1368 1624 Anaxagora

153 1650 320 1703 prodit,
367 1630 607 1692 Tom.'1V.
654 1662 749 1703 pag.
777 1662 875 1702 437.
919 1649 1038 1691 Edit.
1084 1648 1215 1690 Basil.
1287 1649 1369 1692 Sed

158 1734 340 1776 utroque
381 1724 478 1767 loco
518 1711 676 1776 aliquid
712 1724 972 1776 corruptelae
1006 1724 1209 1776 subesse,
1243 1724 1369 1766 facile

152 1801 296 1845 vident
329 1801 404 1853 qui
445 1813 567 1844 usum
606 1801 759 1842 habent
786 1800 970 1843 Graecae
1000 1800 1219 1844 dictionis,
1279 1801 1373 1842 Ne-

152 1888 234 1930 que
272 1876 352 1917 hoc
386 1876 492 1917 alius
543 1876 766 1929 quisquam
805 1887 987 1918 veterum
1030 1877 1079 1918 de
1120 1877 1369 1931 Anaxagora

149 1952 389 2007 perhibuit,
432 1965 568 2004 neque
606 1952 861 1994 conciliatur
905 1965 1000 1994 cum
1051 1954 1222 2006 reliquis
1273 1955 1367 2009 ejus

150 2029 318 2083 placitis
336 2058 350 2080 ,
379 2031 686 2083 separationem
712 2042 793 2070 esse
815 2032 985 2071 animae
1011 2040 1204 2076 mortem.
1252 2032 1366 2074 Haec

153 2106 261 2149 enim
298 2116 363 2148 est
399 2107 601 2148 sententia
635 2106 785 2155 horum
822 2106 1079 2158 verborum,
1111 2118 1220 2159 quae
1262 2120 1364 2150 con.

154 2190 221 2222 tra
259 2179 440 2227 Graecae
477 2180 679 2224 orationis
715 2181 827 2235 leges
874 2182 916 2222 in
961 2182 1078 2222 aliam
1117 2182 1365 2225 sententiam

155 2257 417 2310 interpretari
465 2268 643 2300 conatus
690 2267 752 2299 est
804 2256 1058 2300 Bruckerus.
1127 2255 1222 2299 Nos
1263 2271 1363 2302 vero

150 2329 243 2382 ipsa
283 2330 415 2371 totius
460 2331 543 2373 loci
591 2333 750 2374 ratione
799 2342 837 2374 et
887 2332 1148 2375 connexione
1187 2333 1230 2375 in
1275 2346 1362 2377 eam

152 2407 432 2459 conjecturam
463 2408 730 2460 inducimur,
763 2419 811 2450 ut
847 2418 1077 2461 putCDmS,
1112 2420 1256 2450 vocem
1282 2412 1362 2454 cclx·

153 2502 278 2542 amoc,-
295 2515 310 2538 2
337 2496 442 2541 quae
466 2498 564 2532 mox
588 2490 807 2542 sequitur,
837 2497 860 2531 a
879 2485 1048 2531 librario
1075 2495 1210 2529 vetere
1231 2485 1361 2527 omis-

1268 2570 1359 2605 sam
