1693 3110
485 172 1206 235 PHAEDONISVPLATONICI.
1289 203 1294 208 v
1370 192 1453 237 139

233 303 321 345 'hoc
349 302 448 344 loco
484 299 821 355 respondendum
859 307 938 342 est.
1009 298 1118 344 Sunt
1151 300 1262 344 enim
1284 331 1300 353 ‚
1352 303 1461 360 qui,

234 380 399 422 etiamsi
443 379 675 421 concedant
711 375 910 417 Animum
957 376 1142 429 Corpori
1193 380 1463 432 superstitem

232 468 356 510 esse,
388 467 524 498 tamen
557 463 742 497 statuant
768 464 860 493 eum
898 453 954 494 ita
981 455 1033 497 ati
1068 455 1240 507 Corpus
1273 468 1365 498 esse
1395 455 1468 498 ad-

239 534 467 584 strictum,
498 539 546 571 ut
572 528 663 571 sine
682 528 773 583 ejus
795 528 1035 581 adjumento
1061 529 1142 569 vim
1172 542 1288 570 suam
1312 542 1474 572 exsere.-

237 622 281 650 re
306 616 515 660 nequeat3
563 606 672 648 unde
705 604 810 648 effici
845 617 939 645 eum
975 605 1205 656 spoliatum
1242 608 1462 659 Corpore,

231 683 366 726 veluti
398 684 680 725 instrumento
713 692 753 722 et
788 682 1050 723 admonitore
1077 683 1220 734 vitae,
1254 684 1465 725 actionem

230 759 622 813 conscientiamque
655 757 873 809 amittere,
906 757 1050 798 lethali
1091 770 1247 811 sopore
1283 759 1459 811 perfun-

229 836 300 889 di,
327 849 373 878 ac
393 836 650 890 sempiterno
669 835 857 888 lethargo
876 834 1151 887 consopitum
1171 836 1320 888 jacere.
1369 836 1464 878 Cu·

223 915 297 970 J‘us
310 912 525 966 opinionis
547 912 839 954 testimonium
864 912 914 954 ab
939 911 1196 964 experientia
1224 922 1447 964 repetunt:

229 990 400 1042 saepius
427 989 536 1031 enim
561 988 765 1030 Animum
794 989 859 1031 vel
887 988 987 1030 vivo
1013 987 1212 1041 Corpore
1235 990 1464 1042 cogitatio·

228 1076 321 1106 nem
346 1075 392 1104 ac
420 1065 658 1105 memoriam
689 1064 880 1105 amittere
898 1093 913 1115 ,
945 1073 985 1104 et
1009 1063 1143 1104 veluti
1181 1062 1459 1104 obbrutesce-

227 1151 294 1182 re:
327 1153 464 1193 neque
496 1153 759 1194 repugnare,
791 1153 879 1192 quo
907 1140 1047 1182 minus
1081 1139 1124 1180 in
1158 1139 1366 1192 ejusmodi
1389 1139 1455 1180 in·

220 1223 348 1264 ertiae
380 1224 623 1275 languorem
656 1222 841 1273 incidat,
883 1233 972 1273 quo
1023 1220 1290 1263 conscientia
1335 1221 1454 1263 omni

221 1308 401 1351 prorsus
426 1307 594 1348 careat,
625 1305 784 1339 certum
819 1296 907 1338 fieri
935 1295 1141 1348 exemplis
1166 1308 1309 1337 eorum
1327 1327 1342 1347 ‚
1375 1297 1453 1349 qui

219 1373 290 1417 vel
313 1371 511 1414 suffocati
539 1374 605 1414 vel
638 1372 901 1415 vehementer
934 1371 1009 1413 icti
1032 1383 1083 1412 ex
1106 1371 1297 1425 deliquio
1323 1372 1374 1413 ad
1409 1384 1454 1413 se

222 1450 450 1494 redierunt.
510 1450 718 1503 Deniqueg
739 1450 860 1491 etiam
885 1449 990 1491 illud
1013 1448 1219 1500 afferunt,
1250 1449 1458 1492 neminem

171 1555 173 1557 -
212 1539 423 1579 umquam
439 1539 488 1570 ex
506 1536 642 1569 morte
662 1527 707 1568 in
719 1528 848 1570 vitam
869 1526 1072 1577 rediisse,
1089 1526 1164 1577 qui
1189 1527 1238 1566 de
1260 1525 1311 1566 iis
1326 1527 1455 1570 rebus

221 1615 330 1656 quae
364 1606 400 1646 ei
436 1616 606 1646 mortuo
635 1605 893 1659 obtigerint,
929 1617 1060 1647 sanus
1097 1606 1264 1657 quidem
1283 1616 1323 1648 et
1349 1619 1452 1658 pru·

222 1682 354 1733 dens,
388 1681 547 1734 aliquid
582 1683 812 1723 meminerit
837 1683 904 1724 vel
933 1683 1153 1725 memoriae
1179 1684 1426 1736 prodiderit.

272 1757 310 1802 Ι.
352 1757 409 1798 Et
433 1758 614 1810 primum
655 1759 851 1810 quidem,
884 1769 932 1800 ut
957 1760 1018 1802 nil
1054 1760 1243 1802 dicamus
1281 1761 1331 1803 de
1360 1761 1446 1815 iis,

218 1833 294 1885 qui
314 1833 458 1875 divino
479 1833 666 1875 consilio
679 1846 728 1875 ex
749 1843 882 1876 morte
902 1836 954 1876 ad
972 1836 1099 1877 vitam
1121 1837 1303 1878 revocati
1318 1847 1444 1890 sunt,

216 1909 268 1951 de
295 1908 347 1951 iis
384 1918 527 1961 certe,
559 1909 634 1962 qui
660 1911 724 1952 vel
759 1910 942 1953 humano
975 1911 1154 1954 artificio
1190 1914 1255 1953 vel
1290 1924 1445 1967 sponte

211 1986 342 2030 vitam
375 1995 704 2039 recuperarunt,
737 1986 915 2029 firmiter
957 1997 1138 2030 statuere
1173 1988 1303 2040 licet,
1338 1992 1441 2037 Ani-

213 2075 329 2105 mum
363 2064 550 2105 nondum
586 2076 637 2104 ex
680 2063 875 2116 Corpore
905 2066 1163 2119 excessisse,
1201 2077 1242 2115 et
1276 2077 1441 2112 motum

213 2140 457 2190 animalem,
491 2151 567 2181 seu
593 2140 762 2181 vitalem
781 2170 795 2191 ,
828 2152 915 2182 non
938 2143 1199 2184 destructum
1218 2174 1233 2196 ,
1266 2145 1338 2186 sed
1362 2145 1440 2187 im-

212 2213 399 2267 peditum
419 2213 569 2258 fuisse.
605 2215 697 2270 Jam
721 2227 820 2256 vero
840 2218 1042 2267 quamdiu
1067 2219 1244 2262 Animus
1269 2220 1311 2263 in
1328 2222 1441 2264 Cor-

211 2301 313 2342 pore
338 2290 525 2341 habitat,
555 2291 715 2332 tamdiu
750 2290 834 2332 vim
865 2304 980 2332 suam
1017 2293 1136 2335 aliter
1158 2307 1344 2338 exserere
1366 2309 1439 2338 ne·

211 2365 332 2418 quit,
363 2366 445 2407 nisi
469 2379 540 2419 per
564 2369 675 2422 leges
700 2367 882 2410 fabricae
917 2369 1045 2423 huJ‘us
1071 2369 1297 2424 Corporis.
1356 2374 1441 2415 lta-

211 2454 297 2496 que
327 2453 515 2485 cessante
545 2454 664 2486 motu
698 2444 885 2496 cerebri,
930 2445 1128 2486 credibile
1162 2457 1226 2489 est
1251 2449 1439 2490 animum

207 2521 380 2571 insueto
414 2532 518 2572 casu
545 2523 774 2574 attonitum
811 2531 982 2582 torpore
1012 2521 1230 2577 perfundi.
1291 2524 1437 2579 Quum

1374 2609 1446 2645 ve:
