1693 3110
311 187 1300 256 PROLEGOMENA

508 387 596 416 Ex
682 383 1107 415 EDITIONE-

211 534 757 593 PHAEDONIS
854 532 1399 598 PLAToNlcn

424 827 1206 890 PRAEFATIO.

203 1113 302 1205 Et
330 1155 467 1198 subita
491 1154 591 1197 haec
626 1153 784 1203 editio,
816 1161 855 1194 et
895 1153 1011 1195 brevi
1038 1164 1163 1206 opere
1186 1153 1414 1210 confecta,

205 1245 282 1275 nec
305 1231 389 1274 nisi
414 1232 465 1273 ad
492 1232 715 1272 instantem
743 1239 1020 1283 paratumque
1055 1230 1225 1272 scholae
1256 1243 1423 1275 nostrae

204 1320 331 1351 usum
356 1308 593 1361 composita
611 1337 625 1358 ,
656 1305 768 1350 haud
809 1318 908 1348 sane
932 1307 1099 1360 longam
1124 1305 1425 1359 praefationem

204 1385 424 1438 postulat3
457 1393 566 1425 certe
585 1394 670 1425 nou
695 1394 781 1424 eam
797 1412 812 1435 ,
845 1394 952 1435 quae
973 1383 1040 1426 vel
1064 1383 1108 1425 in
1130 1383 1316 1425 auctoris
1336 1384 1425 1426 lau-

204 1460 254 1502 de
288 1458 590 1513 praefflcanda,
621 1458 689 1500 vel
726 1458 769 1499 in
808 1458 982 1501 editoris
1016 1459 1202 1503 consilio
1223 1471 1427 1501 excusan-

205 1535 290 1587 do,
320 1544 611 1577 consumatur.
687 1533 853 1586 Ecquis
882 1534 989 1575 enim
1025 1535 1126 1575 adeo
1166 1547 1315 1587 expers
1345 1535 1428 1577 hu-

204 1610 418 1656 manitatis
455 1619 546 1661 est,
578 1619 624 1650 ut
660 1608 824 1661 ignoret
848 1610 1066 1652 Platonem
1093 1611 1145 1652 ab
1179 1612 1295 1653 omni
1319 1624 1425 1655 aevo

204 1686 457 1728 celebratum
488 1697 578 1727 esse
605 1699 690 1727 non
715 1685 973 1740 intelligendi
1004 1688 1141 1730 solum
1158 1718 1173 1739 ‚
1205 1689 1277 1731 sed
1300 1689 1426 1733 etiam

203 1762 396 1813 dicendi,
428 1762 723 1815 gravissimum
759 1773 975 1804 auctorem
1005 1773 1045 1805 et
1071 1765 1349 1817 magistrum,
1380 1765 1425 1807 ic!

200 1848 296 1891 est,
330 1839 517 1880 eumdem
549 1847 589 1879 et
619 1838 919 1892 philosophiae
943 1849 982 1881 et
1015 1842 1276 1893 eloquentiae
1310 1842 1426 1894 prin-

201 1914 373 1967 cipem‘?
405 1923 444 1956 et
472 1914 599 1966 quis,
633 1915 705 1967 qui
731 1915 811 1957 boc
838 1927 924 1959 non
955 1917 1146 1971 ignorat,
1180 1917 1421 1971 dubitabit,

205 1988 310 2044 quin
334 1989 617 2031 adolescentes
645 1990 821 2042 optimis
847 1992 1002 2034 studiis
1025 1993 1245 2046 destinati,
1277 1995 1424 2039 lectio·

201 2075 257 2106 ne
278 2065 383 2106 tanti
408 2066 596 2107 auctoris
624 2066 838 2109 imbuendi
871 2068 991 2111 sint?
1045 2070 1220 2123 Itaque,
1254 2083 1302 2113 ex
1335 2085 1422 2124 quo

200 2138 386 2182 Graecas
422 2140 585 2183 Literas
623 2142 788 2194 docui,
832 2143 1010 2185 subinde
1042 2145 1146 2185 mihi
1182 2146 1225 2186 in
1262 2146 1425 2188 scholis

201 2211 416 2256 Platonem
445 2214 743 2267 interpretandi
768 2228 1056 2271 argumentum
1088 2220 1245 2273 sumsi3
1273 2222 1308 2262 si
1327 2222 1423 2274 qui-

203 2287 293 2329 dem
325 2289 465 2331 idonei
503 2292 606 2334 mihi
647 2293 913 2347 obtingerent
937 2296 1168 2349 discipuli,
1201 2299 1303 2351 qui,
1334 2312 1422 2345 non

201 2365 391 2405 contenti
428 2369 675 2421 pervulgato
715 2382 760 2411 ac
812 2370 962 2422 puerili
1018 2371 1201 2415 Graecae
1256 2376 1421 2428 linguae

205 2441 363 2490 modo,
394 2440 520 2484 altius
544 2454 808 2497 spectarent3
842 2457 936 2486 cum
963 2447 1167 2490 orationis
1191 2449 1421 2505 elegantia,

211 2517 442 2570 disserendi
457 2532 629 2574 quoque
647 2521 906 2579 diligentiam
926 2535 1290 2579 consectarentur,
1310 2528 1426 2581 ejtts„

855 2598 888 2644 F
919 2611 945 2663 3
1337 2609 1422 2660 qus
