1693 3110
480 183 1135 238 PARENTALIA.
1335 201 1416 248 329

217 308 453 355 Athenaeo.
519 308 631 351 Illud
663 306 844 349 fortasse
872 318 957 349 non
998 307 1147 348 inutile
1181 305 1236 348 sit
1276 310 1423 356 futuro

211 385 411 439 scriptori
443 385 684 435 monendo,
718 383 916 435 quodque
946 383 1150 435 quosdam
1179 381 1343 436 fugisse
1366 385 1428 426 vi-

213 462 380 504 dimuse
412 462 566 517 hnjus,
599 469 646 502 ut
675 457 924 509 CuratoriS,
959 457 1428 511 nullas'fuisse·partes

215 536 261 579 in
295 550 360 579 me
389 537 558 580 Leidam
591 535 811 587 vocand03
840 532 1004 586 'quippe
1036 533 1138 584 qui,
1171 547 1236 575 me
1268 535 1428 578 dudum

212 623 395 664 vocato,
437 612 622 656 Curator
662 610 803 654 factus
835 598 916 652 sit:
960 609 1176 661 mihique,
1221 610 1245 652 a
1276 611 1430 663 priori-

214 684 298 727 bus
323 686 610 728 Curatoribus
634 695 813 736 vocato,
845 683 1022 726 oblatam
1046 684 1281 724 cathedram
1314 695 1430 724 recu-

209 773 302 803 sare
334 764 537 805 suaseritt
570 774 617 805 ut
657 764 780 815 ipse,
812 761 887 803 illo
927 761 1059 812 viv0,
1091 759 1281 812 narravi,
1312 759 1425 802 Bibl.

208 834 322 882 Crit.
354 836 400 879 P.
426 850 573 881 xxvm
607 839 719 893 (*).

268 911 323 955 ΙΙ.
359 912 508 954 Paucis
530 922 629 966 post
647 914 796 954 diebus
821 912 943 955 altera
967 923 1062 954 sors
1089 910 1190 953 exiit
1207 910 1302 964 Jani
1326 911 1429 954 Der-

216 987 431 1029 kindereni
446 1018 461 1039 ,
486 989 685 1041 discipuli
705 989 958 1042 peramantis
975 999 1168 1031 nostrum
1187 1018 1202 1039 ,
1218 1000 1338 1039 quem
1357 1000 1431 1030 an·

213 1072 278 1105 tea
297 1063 362 1104 bis
390 1075 793 1117 memoraveramu5‚
822 1074 868 1106 ut
893 1075 1067 1118 magnos
1091 1063 1134 1104 in
1156 1063 1310 1104 Literis
1333 1076 1432 1115 pro-

216 1151 388 1193 gressus
410 1141 626 1182 habentem
644 1153 656 1182 ε
674 1141 852 1195 primum
873 1171 887 1192 ,
904 1141 946 1182 in
969 1140 1068 1181 Vita
1094 1139 1268 1181 Davidis
1283 1139 1435 1180 Ruhn-

217 1215 361 1267 kenfi,
391 1228 438 1269 p.
458 1228 536 1271 277
569 1219 697 1272 (§),
723 1218 869 1259 deinde
894 1218 937 1258 in
965 1218 1257 1259 Annotatione
1283 1217 1334 1259 ad
1356 1217 1431 1258 Se·

212 1290 319 1333 lecta
346 1290 659 1335 Historicorum
695 1292 984 1345 Graecorum,
1025 1293 1226 1336 editionis
1260 1295 1431 1336 alterius

213 1378 261 1420 p.
287 1367 386 1418 456.
445 1365 565 1408 Pater
598 1376 818 1421 cargator,
863 1367 930 1410 vir
963 1375 1174 1420 spectatae
1206 1367 1433 1409 industriae

213 1456 262 1484 ac
289 1442 416 1494 fidei,
457 1444 761 1486 Amstelodami
798 1445 1027 1498 cargarium
1071 1446 1173 1498 (†)
1213 1444 1434 1496 negotium

216 1517 433 1560 factitabat
468 1530 565 1561 sane
592 1529 928 1571 quaestuosum:
973 1519 1104 1560 eidem
1144 1519 1257 1559 hunc
1296 1518 1432 1560 filium

215 1594 529 1646 destinaverat,
565 1595 726 1636 artibus
760 1595 920 1636 idoneis
945 1595 1190 1648 linguisque
1215 1594 1432 1638 hodiernis

214 1670 484 1711 erudiendum
516 1679 761 1723 curaverat,
789 1671 958 1726 jamque
985 1671 1216 1724 adjutorem
1246 1670 1326 1711 sibi
1360 1671 1434 1712 ad·

214 1745 406 1786 bibebat:
442 1757 571 1797 quum
600 1746 667 1787 hic
691 1746 829 1797 forte,
862 1754 909 1787 ut
933 1745 1112 1786 lectione
1136 1745 1340 1786 librorum
1365 1745 1442 1786 de·-

211 1821 352 1862 lectari
373 1822 561 1873 solebat,
595 1821 639 1863 in
664 1820 910 1863 historiolas
933 1819 1085 1862 Graeci
1109 1819 1344 1861 Rotnanive
1368 1831 1432 1861 ar-

210 1898 399 1951 gumenti
424 1897 601 1949 incidit,
634 1897 814 1949 indeque
841 1896 916 1939 has
952 1896 1118 1938 Literas
1144 1887 1332 1936 discendi
1354 1893 1433 1935 mi-

210 1986 254 2015 ra
278 1972 513 2026 cupiditate
538 1973 739 2015 incensus
765 1981 843 2016 est.
888 1973 1003 2025 Ergo
1032 1972 1278 2024 magistrum
1305 1983 1428 2023 quae-

207 2048 339 2092 sivit:
377 2060 502 2103 quem
539 2048 737 2093 solertem
772 2056 953 2103 nactus,
985 2048 1081 2097 inde
1112 2047 1136 2089 a
1169 2047 1319 2102 primis
1350 2049 1429 2089 ele-

1320 2132 1436 2166 men-

253 2199 347 2250 (*)
375 2199 530 2251 [Hujus
557 2203 652 2242 Vol.
679 2214 764 2252 pag.
791 2200 885 2251 65.]

249 2265 351 2316 (S)
379 2271 553 2316 [Horum
580 2275 726 2321 Opusc.
753 2275 840 2311 Vol.
864 2272 896 2310 Ι.
923 2280 1006 2318 pag.
1028 2267 1149 2317 789.]

250 2332 274 2383 (
292 2333 352 2385 †)
392 2337 538 2380 Utimur
571 2344 717 2380 nomine
751 2341 920 2398 vulgari,
962 2351 1038 2387 quo
1064 2339 1141 2375 fere
1174 2336 1311 2375 dicitur
1344 2348 1437 2395 pro-¹

201 2411 350 2440 curator
376 2404 522 2441 navium
560 2410 846 2449 onerandarum:
874 2410 966 2446 haec
992 2416 1029 2447 et
1053 2406 1182 2443 similia
1198 2433 1210 2451 ,
1238 2418 1312 2443 non
1339 2408 1432 2443 mul-

201 2479 242 2507 to
278 2469 418 2507 diversa
457 2472 752 2523 significatione,
796 2487 968 2524 usurpata
999 2477 1036 2512 in
1076 2475 1273 2512 Latinitate
1310 2474 1431 2527 Medii

199 2537 310 2576 Aevi.
340 2538 425 2577 Vid.
451 2541 667 2590 Ducangius
696 2544 742 2583 Τ.
765 2545 809 2591 Ι,
836 2556 874 2591 p.
896 2554 983 2590 319.
1011 2543 1269 2592 Carpenterius
1297 2542 1343 2581 T.
1364 2542 1430 2588 11¹,

197 2615 241 2658 p.
263 2606 354 2653 ‚82:10
831 2657 873 2703 X
904 2664 932 2713 5
