1693 3110
255 192 337 244 284
472 186 1252 236 PROTREPTICUS.

257 322 473 370 tamquam
499 309 754 364 familiares
786 323 858 351 nec
890 312 1080 353 molestas
1113 314 1370 369 excipiamus
1415 326 1465 358 ac

242 393 461 446 feramus.
531 385 613 426 Est
644 384 833 442 profecto
869 386 984 427 illud
1010 387 1330 443 usurpandum.-
1367 397 1469 440 Τοῖς

255 470 492 519 πράγμασιν
523 465 604 515 γὰρ
645 479 685 504 κ.
718 479 758 504 τ.
792 473 836 506 λ.
906 462 1029 504 Ludo
1069 467 1177 505 enim
1214 474 1470 509 tesserarum

256 546 384 586 Plato
420 547 554 585 vitam
589 540 894 595 comparabat,
939 540 1011 581 ahi
1039 549 1078 581 et
1099 541 1352 595 jaciendum
1381 552 1470 595 est,

254 620 367 678 quod
407 622 463 660 sit
499 618 724 672 optimum
767 625 807 656 et
836 616 949 672 quod
965 617 1096 669 jactu
1140 619 1320 672 cecidit,
1361 630 1475 661 recto

259 692 567 750 usurpandum.
637 690 699 732 Et
715 690 873 742 jacere
909 693 1075 747 quidem
1114 695 1227 751 quod
1256 695 1472 748 volumus,

260 780 416 815 nonest
439 773 484 811 in
505 777 653 810 nostra
658 777 866 824 potestate
878 782 894 808 :
919 779 965 810 at
977 771 1076 823 hoc,
1103 774 1140 812 si
1165 776 1375 829 sapimus,
1402 789 1475 816 no·

261 858 399 890 strum
427 854 514 898 est,
537 858 605 886 res
629 845 855 897 a‘fortuna
879 845 1041 888 oblatas
1062 856 1174 888 recte
1193 852 1412 905 accipere,
1437 857 1479 890 et

260 936 334 964 suo
358 931 566 976 quamque
584 929 740 973 ponere
759 919 842 960 loco
858 950 872 971 ,
903 920 975 961 ubi
998 929 1037 961 ct
1061 932 1206 964 noceat
1228 926 1476 977 minimum,

264 1007 304 1039 ct
322 996 559 1051 plurimum
586 995 729 1044 juvet.
789 994 902 1036 Haec
929 997 997 1037 ille
1032 1010 1080 1038 ex
1107 1009 1249 1040 nostra
1274 999 1481 1054 interpre-

263 1070 447 1112 tatione:
479 1069 599 1121 plura
625 1069 739 1120 apud
763 1068 900 1121 ipsum
925 1071 1088 1123 legatis.
1147 1072 1242 1114 Nos
1269 1087 1398 1126 vero,
1426 1084 1474 1115 ut

265 1147 464 1189 volumus
497 1156 589 1185 esse
617 1145 903 1196 Antiquorum
946 1148 1162 1200 studiosi,
1206 1149 1267 1191 sic
1306 1150 1476 1192 illorum

268 1229 488 1277 praecepta
511 1220 562 1260 ad
583 1220 792 1261 actionem
825 1221 1077 1265 referamus:
1113 1233 1152 1264 et
1177 1224 1386 1277 quidquid
1405 1226 1482 1268 hac

269 1301 316 1342 in
340 1299 453 1349 vita,
485 1306 598 1338 extra
639 1306 822 1338 nostram
859 1308 1109 1350 potestatem
1132 1300 1173 1340 in
1199 1299 1368 1342 fortuna
1408 1314 1488 1353 po-

269 1375 427 1424 situm,
458 1373 676 1413 adversum
719 1371 845 1413 nobis
881 1372 1107 1425 acciderit,
1141 1374 1211 1425 id,
1244 1384 1289 1415 ut
1321 1375 1344 1415 ὲ
1380 1376 1491 1417 divi·

277 1463 332 1493 na
369 1447 634 1501 providentia
668 1447 794 1491 nobis
842 1448 1077 1500 tributum,
1122 1459 1238 1501 grato
1273 1462 1367 1503 erga
1397 1462 1485 1491 eam

273 1526 414 1567 animo
446 1523 734 1576 accipiamus,
769 1532 841 1574 et,
886 1525 1024 1574 quoad
1061 1525 1150 1577 ejus
1186 1524 1272 1565 ficri
1310 1535 1482 1577 potest,

280 1607 333 1653 ad
353 1615 538 1651 nostram
563 1605 738 1647 salutem
765 1602 1027 1656 virtutisque
1046 1602 1230 1650 fructum
1256 1615 1494 1646 accommo-

274 1689 436 1730 demus.
816 1743 819 1747 .

339 1763 449 1814 Sed,
492 1762 527 1803 si
571 1764 701 1815 patria
735 1774 809 1816 per
842 1774 928 1804 eam
965 1761 1283 1803 conversionem
1314 1762 1494 1802 multum

280 1837 495 1880 commodi
531 1839 701 1890 amisit,
735 1851 814 1881 nos
852 1839 1007 1879 idcirco
1039 1838 1207 1889 patriam
1234 1850 1317 1878 non
1353 1837 1494 1882 amisi-

280 1928 396 1959 mus.
457 1915 663 1966 Alioquin
699 1915 869 1966 quaevis
907 1914 1084 1953 mutatio
1117 1923 1252 1954 status
1301 1913 1494 1965 publici,

282 1990 415 2033 veluti
449 2003 497 2031 cx
528 2003 616 2041 rep.
651 1990 692 2031 in
718 2001 888 2041 regnum
907 2018 922 2035 .,
952 1999 991 2029 et
1015 1988 1055 2029 in
1080 1990 1171 2039 ipsa
1199 1988 1299 2038 reip.
1332 1986 1494 2038 forma,

283 2081 333 2110 ex
373 2067 633 2108 aristocratia
680 2066 722 2106 in
758 2066 1080 2114 democratiam,
1130 2064 1282 2116 patriae
1323 2065 1496 2106 amissio

284 2143 456 2185 dicenda
494 2140 586 2183 erit.
648 2140 779 2195 Quod
814 2152 912 2180 sane
939 2139 1163 2180 absurdum
1192 2139 1270 2188 sit;
1304 2137 1359 2178 ita
1387 2137 1497 2179 enim

289 2226 599 2268 consequatur,
633 2226 677 2256 ut
703 2216 903 2257 amissum
928 2214 1166 2264 amittatur3
1201 2225 1330 2264 quum
1360 2224 1500 2254 tamen

286 2306 408 2336 nemo
437 2293 519 2334 nisi
545 2293 617 2344 id,
651 2293 765 2344 quod
792 2293 944 2342 habet,
977 2289 1163 2331 amittere
1188 2299 1336 2338 queat:
1370 2298 1409 2328 et
1430 2288 1500 2338 id,

289 2371 403 2423 quod
431 2370 556 2410 semel
585 2370 783 2411 amissum
814 2378 876 2409 est
896 2398 910 2419 ,
943 2379 1091 2408 rursus
1119 2365 1252 2406 amitti
1287 2377 1372 2406 non
1401 2376 1504 2416 pos·

287 2445 362 2488 sit.
423 2443 551 2486 Nunc
585 2445 708 2485 multi
739 2444 922 2497 quodam
951 2442 1090 2484 civilis
1124 2441 1321 2483 factionis
1345 2441 1504 2492 impetu

285 2533 330 2566 et
354 2534 492 2565 errore
518 2522 743 2578 occupati,
775 2531 864 2564 turn
895 2521 1058 2564 demum
1083 2518 1258 2573 patriam
1282 2526 1443 2564 exstare
1465 2525 1506 2560 et

1446 2603 1510 2633 Vl·
