1693 3110
351 137 457 184 DE
520 128 961 177 UNITATE
1026 115 1199 170 D'Et.
1295 121 1388 181 487-

177 275 268 307 esse
292 269 503 310 statuant,
532 267 573 300 et
605 254 648 299 vi
681 265 804 306 quam
837 252 931 294 Deo
964 250 1227 305 adjungunt,
1255 258 1381 290 caus-

177 352 249 384 sae
287 337 550 391 potissimum
597 341 698 374 sunt
736 327 1004 382 repetendae,
1046 337 1171 379 quare
1215 336 1375 375 unum,

177 429 253 460 nec
286 415 455 467 plureS,
484 422 574 454 esse
600 408 744 450 velint.
802 404 939 455 Atqui
961 403 1243 456 reperiemus,
1275 403 1383 443 hanc

173 492 374 535 rationem
417 486 597 530 valuisse
629 483 673 525 in
707 481 928 524 hominum
965 480 1208 530 mentibus,
1251 487 1297 520 ut
1330 489 1385 521 ex

176 566 322 610 mundi
346 560 699 615 contemplatione
731 567 771 600 et
796 569 931 598 rerum
956 555 1228 598 admiratione
1261 555 1391 596 intel.>

176 643 383 696 ligerent,
425 652 518 682 esse
549 648 745 680 caussam
780 634 987 687 quandam
1025 631 1272 675 effectricem
1310 643 1388 685 gu-

178 718 560 767 bernatricemque,
590 724 631 757 et
658 726 744 755 eam
773 711 938 767 quidem
962 722 1125 752 summe
1150 708 1388 762 intelligen-

174 803 258 835 tem
299 806 344 834 ac
381 802 613 845 potentem.
674 789 788 830 Haec
813 800 897 830 una
930 797 995 829 est
1019 788 1154 839 ratio,
1185 799 1290 839 quae
1315 788 1393 828 ho·

176 871 309 911 mines
350 869 400 910 ad
433 868 613 918 aliquam
647 865 726 906 Dei
758 863 975 906 notionem
1011 861 1256 907 adduxerit:
1301 873 1390 904 non

173 944 264 985 idea
288 943 428 985 innata
452 943 554 983 Dei:
585 953 721 992 neque
741 940 830 981 idea
854 939 1103 990 infinitatis,
1120 951 1168 981 ex
1195 951 1276 991 qua
1301 939 1387 980 exi-

173 1015 368 1059 stentiam
407 1014 486 1057 Dei
522 1015 730 1057 continuo
757 1013 935 1067 intelligi
968 1014 1120 1055 volunt
1152 1011 1389 1059 Cartesiani

173 1092 347 1144 aliique.

233 1180 276 1210 2.
308 1167 398 1221 Jam
430 1167 529 1208 haec
564 1179 713 1210 caussa
749 1176 791 1208 et
824 1167 894 1211 vis
930 1167 1109 1209 efficiens
1137 1167 1203 1209 vel
1227 1166 1269 1208 in
1298 1178 1385 1210 uno

174 1241 396 1294 subJecto,
427 1242 491 1282 vel
518 1241 561 1282 in
587 1241 779 1294 pluribus
817 1241 1007 1293 ponenda
1031 1251 1131 1284 erat.
1193 1240 1278 1283 Alii
1298 1253 1387 1284 eam

170 1314 215 1357 in
248 1315 446 1369 pluribus
482 1316 723 1368 ponebant,
767 1329 844 1369 pro
884 1319 1080 1363 varietate
1120 1317 1381 1370 effectuum,

172 1404 282 1445 quos
313 1392 355 1434 in
385 1403 533 1434 natura
558 1394 924 1446 deprehenderent.
986 1396 1104 1447 Alii,
1141 1396 1185 1437 in
1225 1395 1384 1447 quibus

171 1468 269 1522 plus
295 1476 379 1508 erat
413 1458 568 1519 ingenii
592 1477 632 1509 et
656 1470 791 1523 majus
816 1470 1016 1512 scientiae
1042 1472 1229 1513 studium
1249 1502 1263 1524 ,
1293 1485 1383 1517 eam

171 1553 257 1583 non
283 1542 327 1582 in
361 1541 589 1593 pluribus,
621 1543 692 1584 sed
721 1542 763 1584 in
797 1555 883 1584 uno
909 1544 1145 1596 ponebant:
1181 1556 1220 1587 et
1243 1559 1375 1601 quare

171 1623 228 1663 ita
251 1603 505 1673 statuerent,
537 1633 624 1662 non
649 1633 730 1663 una
750 1633 844 1663 erat*
863 1622 986 1670 ratio,

229 1711 269 1751 3.
308 1697 442 1740 Prima
472 1707 583 1749 erat,
616 1698 734 1752 quod
771 1697 1080 1752 intelligerent,
1112 1700 1156 1742 in
1195 1701 1379 1744 maximo

171 1774 366 1817 dissensu
406 1772 688 1826 opinionum,
720 1772 770 1813 ab
803 1774 998 1815 omnibus
1032 1785 1167 1816 tamen
1203 1776 1389 1818 homini·

169 1850 252 1894 bus
276 1851 439 1891 eandem
466 1850 548 1892 vim
577 1849 706 1891 tribui
724 1849 846 1900 Diis,
880 1859 919 1891 et
946 1851 1084 1892 varios
1108 1854 1289 1894 honores
1316 1865 1388 1894 va-

165 1925 331 1975 riasque
355 1925 657 1976 appellationes
684 1923 870 1966 Deorum
898 1933 1034 1967 tamen
1064 1928 1114 1967 ad
1146 1940 1265 1968 unam
1292 1939 1389 1970 ean.

169 2000 348 2052 demque
374 2000 503 2041 redire
526 2010 738 2052 naturam,
766 2013 954 2045 caussam
983 2003 1180 2044 nimirum
1203 2004 1385 2046 efficien-

170 2084 253 2116 tem
277 2084 405 2128 atque
436 2075 755 2129 intelligentem.
818 2075 954 2129 Igitur
980 2077 1194 2123 Maximus
1224 2080 1388 2132 Tyrius

167 2151 319 2203 XVII,
351 2165 393 2205 5.
451 2152 504 2193 In
528 2153 609 2194 hac
629 2161 754 2193 tama
773 2164 950 2208 pagna,
976 2153 1143 2206 inquit,
1164 2159 1393 2200 contentio·-

173 2241 225 2271 ηε
257 2238 382 2285 atque
417 2231 655 2286 opinionum
682 2235 927 2283 va7·i·.·tase,
958 2235 1005 2279 in
1041 2247 1083 2283 co
1108 2235 1215 2291 leges
1239 2237 1392 2294 abique

173 2316 399 2350 terrarum
416 2317 543 2364 atque
571 2312 778 2365 opiniones
798 2314 1020 2358 convenire
1042 2313 1197 2357 videbis
1213 2344 1226 2364 ,
1253 2315 1392 2360 Deum

174 2394 255 2424 csse
276 2395 433 2434 unum,
467 2397 604 2439 regem
631 2390 811 2427 omnium
840 2396 879 2427 et
895 2396 1093 2443 patrem,
1122 2392 1220 2437 huie
1241 2393 1391 2435 multos

172 2457 338 2507 additos
375 2473 457 2505 csse
482 2462 586 2506 alios
606 2493 622 2520 ,
654 2466 729 2523 qui
756 2466 944 2520 supremi
963 2465 1083 2513 illius
1099 2467 1186 2522 felii
1209 2470 1320 2519 sint,
1350 2479 1390 2514 ee

819 2538 901 2587 Hb
940 2553 967 2598 4
1287 2556 1392 2609 (χῃσι
