1693 3110
240 121 294 162 88
406 113 858 169 PROLEGOMENA
889 126 950 156 Ex
978 113 1266 173 EDITIONE

242 239 466 283 editionem
493 241 767 289 instruerem3
790 236 948 290 quippe
975 236 1048 288 qui
1072 237 1311 282 adolescens
1337 240 1470 295 hun&

244 325 285 358 et
314 315 542 357 Phaedrum
572 315 781 367 dialogum
806 313 921 354 edere
943 312 1242 364 destinassem,
1275 327 1448 368 postea,

242 390 435 443 deposito
464 389 652 441 quamvis
686 389 832 432 edendi
868 388 1080 442 consilio,
1111 399 1246 430 tamen
1275 392 1453 434 subinde

246 467 443 517 quaedam
482 466 532 507 ad
564 477 635 506 eos
668 474 949 507 annotassem.
1015 463 1074 506 Et
1114 465 1372 511 Phaedone-m
1412 476 1454 509 et

244 541 506 589 Convivium
533 541 708 596 diversis
734 540 997 593 temporibus
1018 541 1241 593 aliquando
1268 542 1310 583 in
1332 542 1459 586 sehon

241 616 281 663 la
316 615 538 668 discipulis
569 616 868 668 interpretatus
902 627 1031 657 eram:
1079 625 1119 670 et
1159 616 1228 658 his
1259 616 1456 671 Phaedon

238 691 371 745 magis
397 690 638 744 placuerat,
675 703 797 743 quam
827 691 1105 743 Convivium.
1148 692 1285 745 Cujus
1308 691 1462 733 discri-.

246 766 374 821 minis
398 778 587 812 caussam
622 765 726 809 hanc
764 766 1022 810 verissimam
1049 767 1373 819 deprehendisse
1392 765 1460 810 vi-.

243 841 371 898 deor3
407 848 521 898 quod
559 845 818 896 Conviviutn
853 847 905 899 ad
937 848 1183 900 placendum
1208 847 1373 899 quidem
1399 846 1466 892 leq

240 929 378 971 ctores
416 920 547 973 magis
598 921 849 962 exercitatos
893 924 1101 978 postulat,
1150 922 1276 964 ,Nam
1323 933 1459 974 quum-

242 994 470 1048 utriusque
492 993 647 1048 dialogi
674 995 935 1048 descriptio,
966 1009 1062 1039 cum
1101 998 1238 1039 totius
1267 997 1460 1050 personis

240 1083 289 1121 ac
324 1068 588 1112 sermonibus
613 1071 859 1115 distributio
882 1084 922 1114 et
951 1074 1222 1126 oeconomia,
1255 1081 1343 1114 tum
1369 1072 1466 1116 sin·⁴

242 1145 432 1199 gularum
466 1148 644 1199 partium
684 1148 804 1204 quasi
843 1149 1077 1202 luminibus
1109 1149 1352 1200 exornatio,
1384 1147 1461 1189 mi-

242 1221 430 1264 rabiliter
448 1225 498 1265 ad
521 1225 629 1266 vitae
650 1225 829 1277 speciem
851 1226 1338 1278 verisimifitudinemque
1357 1237 1462 1275 con-

239 1296 420 1356 formata
456 1300 539 1342 sit:
586 1301 684 1342 haec
719 1311 853 1344 tamen
886 1303 931 1344 in
974 1302 1192 1352 Phaedone
1230 1303 1363 1360 magis
1400 1311 1465 1345 est

241 1384 384 1428 aperta
422 1376 472 1417 ad
517 1376 836 1430 intelligentium
881 1377 1122 1423 recentibus
1159 1389 1205 1426 ac
1242 1377 1417 1427 rudibus
1444 1408 1466 1433 ,ἴ

238 1453 373 1504 inagis
398 1451 585 1497 omnium
612 1452 828 1506 hominum
855 1454 1122 1504 communis,
1139 1466 1260 1505 quam
1289 1453 1463 1507 propria

240 1528 348 1569 solis
373 1527 575 1573 Graecis:
609 1530 653 1571 in
687 1530 906 1573 Convivio
930 1530 1067 1571 eadem
1104 1528 1190 1570 fere
1223 1529 1463 1575 continetur

243 1616 361 1653 more
398 1605 594 1647 interiore
628 1606 804 1660 Attico,
846 1616 886 1653 et
920 1605 1095 1650 omnino
1128 1604 1373 1656 Platonico,
1404 1603 1464 1646 fe-

241 1681 459 1733 stivitate,
493 1683 755 1734 urbanitate,
776 1683 938 1734 ironia,
963 1681 1245 1723 suavitatibus
1268 1693 1352 1722 non
1372 1692 1464 1727 mo-

240 1756 295 1798 do
342 1756 441 1796 salis
480 1765 528 1798 et*
553 1755 812 1798 condimenti
849 1756 980 1796 instar
1015 1754 1254 1806 adspersis,
1285 1754 1358 1795 sed
1381 1765 1457 1806 per

238 1827 374 1871 totum
395 1829 490 1870 libri
511 1840 692 1871 tenorem
721 1829 992 1885 aequabiliter
1015 1827 1128 1871 fusis
1146 1839 1349 1879 :quarum
1373 1828 1459 1879 vim

241 1917 289 1949 ut
315 1907 514 1949 subtzlem
543 1920 588 1948 ac
627 1909 789 1960 lenem,
820 1919 895 1952 nec
931 1907 1147 1951 scurrilem
1183 1913 1224 1951 et
1248 1916 1459 1959 crassam,

239 1996 320 2025 suo
361 1983 544 2034 quisque
591 1984 722 2026 lector
766 1995 892 2036 sensu
936 1995 1008 2035 per
1049 1994 1173 2023 usum
1219 1982 1462 2023 lectionem-

240 2071 321 2111 que
348 2059 535 2110 plurium
562 2058 749 2101 Platonis
792 2060 1053 2113 dialogorum
1080 2059 1305 2101 exercitato
1330 2058 1465 2112 perci-

238 2143 334 2184 pere
374 2142 543 2184 potest:
580 2135 757 2185 doctor,
790 2134 984 2186 quamvis
1018 2133 1285 2187 intelligens,
1316 2134 1368 2175 ad
1392 2133 1461 2176 in-

235 2207 554 2250 exercitatorum
583 2221 749 2249 sensum
774 2209 981 2262 explicare
1019 2221 1106 2250 non
1138 2217 1295 2260 potest.
1353 2208 1457 2249 Por.

236 2297 315 2334 10,
348 2284 463 2336 quod
497 2286 662 2326 materia
697 2285 902 2328 Convivii
942 2285 993 2330 dc
1023 2285 1181 2326 Amore
1205 2293 1245 2324 et
1274 2284 1463 2338 Pulcra,

237 2361 445 2404 materiam
483 2361 717 2404 Phaedonis
742 2363 793 2405 de
818 2362 1073 2404 Animorum
1101 2360 1430 2409 immortalitate
1446 2390 1463 2413 ,

229 2434 434 2482 facilitate
455 2447 496 2481 et
517 2438 822 2493 perspicuitate
843 2449 1015 2495 superat
1033 2451 1045 2481 z
1080 2447 1182 2482 sunt
1204 2438 1312 2481 istae
1331 2437 1464 2480 Phae·

1389 2511 1468 2556 do·
