1693 3110
391 196 1160 246 PROTREPTICUS.
1279 204 1360 253 277

142 323 201 368 ab
234 324 348 368 omni
383 324 564 368 humano
597 323 815 366 consortio
841 331 1081 375 segregatus
1105 322 1146 364 in
1198 322 1357 363 deserta

145 401 285 444 insula
316 403 456 452 vivat,
487 403 522 443 is
557 410 691 443 tamen
741 400 822 441 hoc
845 400 938 451 ipse
961 411 1055 452 erga
1077 410 1122 440 se
1140 397 1277 440 officio
1298 406 1360 438 te·
1388 421 1390 423 -

151 477 340 531 uehitur,
372 488 419 519 ut
451 490 585 520 rerum
616 476 785 518 utilium
805 475 1050 529 cognitione
1073 487 1116 516 se
1139 475 1353 527 instruat,

151 562 234 602 qua
269 563 315 593 se
345 561 478 593 servet
507 564 554 593 ac
587 560 823 600 sustentet;
860 559 905 590 ut
941 549 1076 591 inilia
1098 549 1357 602 solitudine,

152 626 360 678 quidquid
404 637 469 669 est
497 629 637 679 vitae,
678 627 729 668 ad
766 625 950 668 Naturae
983 625 1137 678 Legem
1171 625 1354 677 dirigat,

150 714 258 755 quae
293 703 336 745 in
362 702 589 756 cogitando
612 704 857 756 agendoque
878 702 1013 755 posita
1031 731 1045 752 ‚
1071 701 1192 755 jubet
1216 711 1353 741 rerum

149 778 383 821 divinarum
420 780 776 832 humanarumque
803 778 1045 832 cognitione
1066 778 1115 818 ad
1157 778 1357 819 virtutem

141 856 408 897 contendere.
479 855 634 908 Neque
673 868 771 898 vero
826 855 1048 907 quisquam
1094 853 1157 894 vel
1188 852 1232 893 in
1271 853 1355 892 hoe

138 940 341 974 terrarum
365 932 492 984 orbe,
519 933 585 974 vel
601 933 642 973 in
659 933 802 984 aliquo
826 931 959 973 totius
981 929 1164 970 universi
1195 928 1350 981 angulo

137 1007 196 1049 ita
229 1009 421 1050 seclusus
453 1008 504 1050 ab
543 1009 656 1051 omni
687 1008 905 1051 consortio
932 1017 971 1048 et
994 1005 1209 1048 desolatus
1231 1005 1350 1058 cogi-

137 1084 217 1125 tari
235 1094 406 1137 potest,
441 1095 488 1125 ut
511 1084 562 1125 ab
587 1084 734 1126 officiis
755 1095 848 1137 erga
870 1083 1002 1124 Deum
1027 1088 1172 1130 vacet,
1203 1091 1249 1120 ac
1276 1092 1348 1120 so-

133 1158 252 1201 lutus
286 1169 518 1202 censeatur.
577 1160 692 1202 Deus
732 1160 921 1201 omnium
964 1169 1098 1199 rerum
1124 1164 1285 1197 creator
1307 1161 1351 1196 et

133 1236 370 1278 communis
415 1248 562 1288 parens
611 1250 718 1289 nos,
762 1237 1019 1289 ubicumque
1055 1235 1218 1286 simus,
1259 1247 1348 1276 am·

133 1312 263 1365 plexu
288 1324 367 1354 suo
390 1320 430 1354 et
453 1313 574 1365 quasi
599 1313 694 1356 sinu
715 1314 933 1357 continet:
959 1313 1002 1355 in
1030 1312 1111 1353 hoc
1123 1311 1345 1364 vigemus,

132 1387 345 1441 vivimus,
394 1389 606 1443 degimus:
665 1389 714 1431 ab
766 1389 847 1430 hoc
885 1388 1064 1441 quisque
1092 1398 1177 1427 non
1210 1384 1347 1439 magis

136 1477 262 1518 quam
298 1466 321 1509 ὲ
351 1477 395 1507 se
417 1465 513 1519 ipso
532 1466 740 1508 discedere
765 1475 932 1520 potest:
967 1465 1094 1518 hujus
1120 1475 1164 1504 ea
1188 1472 1250 1503 est
1272 1474 1351 1504 no-

133 1540 300 1583 biscum
325 1542 574 1598 conjunctio
593 1575 606 1594 ‚
639 1553 687 1584 ut
709 1554 847 1595 neque
879 1554 958 1584 nos
983 1543 1073 1595 ejus
1099 1548 1349 1592 potestatem

133 1616 495 1668 praesentiamque
524 1614 705 1670 effugere
733 1616 977 1668 possimus,
1029 1627 1103 1656 nee
1139 1617 1230 1667 ipse
1266 1626 1348 1657 nos

136 1692 322 1733 desertos
353 1693 627 1745 abjectosque
666 1693 898 1744 relinquere
932 1692 1059 1733 velit:
1108 1692 1237 1747 hujus
1275 1703 1352 1733 vo-

135 1769 277 1810 luntas
308 1780 373 1810 est
405 1770 475 1810 illa
498 1798 514 1820 ,
556 1769 606 1810 de
642 1781 724 1820 qua
759 1768 968 1820 diximus,
1010 1767 1193 1810 Naturae
1227 1769 1349 1821 Lex,

132 1846 285 1901 jubens
318 1835 398 1889 nos
432 1857 540 1889 recte
564 1860 706 1901 agere,
740 1849 781 1890 id
814 1858 877 1891 est
902 1848 1051 1890 virtuti
1072 1849 1265 1900 studere,
1301 1849 1351 1893 ad

136 1935 309 1975 eamque
351 1924 375 1965 a
426 1924 661 1977 Sapientia,
706 1937 811 1977 quae
841 1935 903 1966 est
940 1937 1073 1966 rerum
1112 1926 1348 1966 divinarum

136 1999 497 2051 humanarumque
515 2000 684 2042 scientia
701 2030 715 2051 ‚
747 1999 975 2052 proficisci.
1021 1999 1137 2052 Ergo
1162 2000 1198 2040 si
1221 2008 1350 2040 aeter-

138 2084 213 2114 nae
242 2075 369 2128 hujus
403 2074 530 2127 Legis
569 2085 684 2116 tanta
716 2085 779 2116 est
812 2077 901 2126 vis,
936 2084 981 2115 ut
1014 2087 1086 2117 eos
1123 2076 1245 2118 etiam
1284 2086 1350 2117 te-

138 2159 259 2201 neat,
293 2151 329 2192 si
350 2153 421 2204 qui
448 2152 470 2193 a
495 2163 746 2193 caeterorum
777 2153 965 2194 omnium
989 2152 1208 2195 hominum
1234 2166 1351 2195 cotn-

137 2226 336 2268 munione
359 2228 514 2269 seclusi
538 2230 718 2280 degunt:
754 2239 913 2281 quanto
940 2230 1072 2282 magis
1096 2242 1173 2271 vos
1200 2243 1245 2272 ea
1266 2229 1350 2273 Le-

137 2313 186 2354 ge
222 2303 351 2343 teneri
384 2316 456 2354 par
485 2315 577 2355 est,
615 2306 688 2356 qui
724 2305 766 2346 in
803 2289 923 2347 civili
948 2306 1147 2348 societate
1171 2307 1352 2360 vivitis,

138 2378 213 2428 qui
245 2378 286 2418 in
321 2379 490 2430 eadem,
523 2393 603 2431 qua
638 2391 784 2432 antea,
815 2382 989 2434 vivitis,
1021 2383 1064 2424 in
1104 2396 1185 2436 qua
1209 2397 1355 2437 paren·

138 2462 203 2494 tes
244 2463 436 2504 vestrm,
473 2453 621 2497 fratres
646 2486 661 2507 ‚
706 2467 938 2509 cognatos,
978 2459 1118 2500 affines
1153 2462 1345 2505 habetis:

137 2540 217 2573 vos
250 2529 324 2584 qui
358 2538 489 2573 aetate
510 2531 693 2576 ineuntis
719 2534 1023 2579 adolescentiae
1053 2537 1236 2580 floretis:
1271 2551 1354 2590 qua

778 2610 806 2653 S
838 2622 858 2665 3
1264 2625 1360 2656 ves..
