1693 3110
414 207 1186 259 PROTREPTmus.
1323 171 1411 273 ηεξ

197 332 338 390 vigere
363 344 545 388 putant,
576 333 615 376 si
649 345 692 376 ea
718 331 881 377 obtinet
906 331 1040 378 forma
1064 342 1103 378 et
1126 337 1412 392 constitutio,

200 422 324 465 quam
352 413 430 465 ipsi
465 410 664 464 probant.
726 409 900 452 Memini
938 425 1002 453 me
1038 412 1178 454 audire
1199 413 1414 455 democra-

196 489 308 530 ticos
333 487 548 538 homines,
580 497 690 528 anno
709 497 1037 530 Mochxxxvn
1061 488 1331 543 aristocratia*
1351 500 1413 530 re-

201 566 377 615 stituta,
410 565 677 605 lamentantes
708 565 881 616 patriam
919 574 1127 617 tamquam
1166 578 1415 620 oppressam

202 653 248 683 ac
282 641 500 692 perditam.
565 640 665 681 Item
702 640 891 682 vicissim
928 639 1117 682 fecerunt
1141 641 1418 685 aristocratici

199 729 239 758 a.
277 726 535 766 muccxcv,
587 715 819 765 constituta
854 717 1134 768 democratia,
1188 718 1413 760 clamantes

199 803 312 834 nunc
332 793 614 845 vei-opatriam
631 792 827 834 funditus
865 794 1055 846 periisse.
1094 793 1271 836 Memini
1299 790 1419 837 utross

202 882 286 921 que
312 881 420 910 anno
447 879 582 921 patres
599 899 613 920 ,
648 869 788 921 priore
811 869 1148 921 democraticos,
1181 871 1416 923 posteriore

202 944 541 996 aristocraticOS,
573 946 629 986 ita
655 945 869 995 doluisse,
903 955 949 987 ut
976 946 1138 987 nollent
1167 945 1277 986 filios
1312 954 1417 987 suos

200 1020 252 1061 ad
286 1021 424 1061 studia
459 1021 633 1062 colentia
671 1021 712 1063 in
747 1022 926 1065 Batavas
954 1023 1199 1065 Academias
1228 1024 1415 1074 mittere,

203 1097 275 1138 sed
299 1109 370 1137 eos
397 1107 468 1138 aut
492 1097 614 1138 otiari
641 1099 851 1149 sinerent,
882 1108 954 1140 aut
982 1097 1023 1139 in
1049 1106 1204 1140 exteras
1230 1098 1419 1152 regiones

201 1176 414 1218 docendos
440 1176 702 1231 ablegarent,
739 1187 861 1229 atque
883 1178 983 1219 adeo
1021 1176 1106 1229 ipsi
1148 1189 1242 1218 cum
1278 1177 1331 1218 iis
1367 1175 1419 1217 ad

198 1262 360 1292 excel-os
393 1250 582 1302 abirent,
613 1252 855 1293 dictitantes
893 1252 953 1293 nil
978 1252 1059 1306 jam
1090 1264 1181 1293 esse
1215 1252 1257 1294 in
1300 1251 1420 1293 Bata-

197 1324 295 1375 νὴ,
341 1326 455 1376 quod
490 1326 718 1378 quidquam
773 1326 874 1369 boni
918 1327 1078 1369 discere
1116 1329 1211 1379 quis
1261 1328 1416 1382 possit.

204 1400 261 1443 Hi
299 1402 428 1454 patria
469 1402 569 1454 quid
610 1404 665 1444 sit
701 1404 975 1457 ignorabant:
1010 1403 1185 1446 formam
1224 1416 1263 1446 et
1290 1416 1422 1447 exter-

200 1488 302 1519 num
341 1478 528 1519 habitum
570 1493 647 1531 pro
676 1492 718 1520 re
753 1480 845 1532 ipsa
883 1480 1116 1522 habebant:
1150 1481 1420 1532 nesciebant,

199 1557 355 1612 patriae
384 1569 512 1599 unum
545 1568 584 1599 et
621 1569 865 1611 perpetuum
902 1560 1022 1610 quasi
1059 1573 1216 1612 corpus
1253 1571 1425 1602 consta·

201 1644 273 1686 re,
303 1632 461 1674 formas
501 1634 826 1675 constitutionis
864 1647 941 1686 pro
977 1644 1212 1687 temporum
1249 1636 1423 1677 varieta-

203 1718 275 1763 te,
310 1719 521 1763 tamquam
551 1710 779 1763 vestitum,
815 1711 981 1753 mutari.
1031 1710 1156 1766 Quod
1181 1711 1263 1753 nisi
1282 1711 1337 1753 ita
1359 1724 1425 1754 es-

202 1798 295 1838 set,
336 1789 490 1840 patriae
523 1787 588 1829 vis
623 1796 662 1828 et
700 1797 846 1829 natura
886 1788 1001 1830 nulla
1052 1796 1256 1840 exstaret,
1289 1800 1425 1841 neque

203 1875 400 1915 umquam
437 1863 661 1915 quisquam
699 1865 887 1915 populus
921 1872 1071 1904 certam
1099 1874 1216 1904 suam
1243 1863 1423 1915 patriam

198 1938 387 1980 haberet.
446 1938 504 1979 Et
529 1950 580 1980 ne
608 1939 656 1979 de
678 1938 771 1978 aliis
795 1939 969 1990 populis
996 1938 1214 1991 dicamus,
1240 1938 1422 1982 Batavus

203 2015 370 2066 quando
405 2015 569 2056 tandem
609 2013 787 2055 istorum
831 2013 1047 2054 hominum
1087 2014 1251 2068 J‘udicio
1285 2025 1422 2055 veram

197 2091 440 2147 justamque
476 2090 631 2143 patriae
654 2090 830 2131 formam
868 2090 1280 2143 appellationemque
1303 2090 1417 2131 obti-

202 2167 297 2210 nuit
324 2167 344 2209 ἓ)
375 2168 592 2220 Primum,
624 2168 765 2220 quoad
798 2167 848 2208 ad
884 2168 974 2220 ejus
1010 2177 1205 2218 constat,
1240 2165 1322 2208 fuit
1355 2167 1424 2209 sui

200 2243 332 2297 J'uris:
375 2252 465 2285 tum
510 2256 606 2286 cum
663 2244 834 2295 reliquis
870 2242 1011 2295 Belgis
1048 2242 1091 2284 in
1128 2242 1420 2286 Romanorum

203 2315 367 2358 foedere
391 2330 436 2360 ac
460 2318 645 2361 ditione:
669 2318 817 2361 deinde
843 2318 922 2359 sub
946 2318 1117 2360 Francis
1137 2320 1306 2373 regibus
1328 2320 1423 2362 Me·

204 2393 438 2446 rovingicis
476 2405 516 2437 et
552 2395 861 2450 Carolingicis:
899 2394 1055 2446 quibus
1092 2396 1346 2448 exstinctis,
1378 2399 1420 2440 in

205 2469 439 2511 clientelam
472 2471 590 2513 venit
626 2473 789 2527 Regum
814 2471 1086 2515 Germaniae:
1121 2473 1202 2515 sub
1229 2473 1422 2525 utrisque

208 2557 313 2589 suos
350 2546 495 2588 habuit
525 2548 791 2605 praefectos3
824 2550 933 2593 unde
964 2549 1119 2593 Frisiae
1151 2549 1426 2593 Hollandiae-

1341 2638 1424 2681 que
