1693 3110
351 206 437 261 638
657 196 1270 245 DISPUTATIO

183 347 271 381 geet-
291 335 527 382 X‚quentes
560 323 800 369 Academici
835 323 1036 378 paulatim
1071 322 1339 367 defecerunt:
1379 324 1569 379 aliquan.

192 392 329 425 estem·
350 415 440 448 tum
463 403 720 446 Carneades:
743 404 841 456 plus
867 401 1190 444 Clitomachus:
1211 402 1308 453 plus
1325 402 1446 444 etiam
1464 400 1565 446 Phi-

346 484 391 525 lo
428 480 651 524 Ciceronis
695 480 920 533 magister,
964 479 1038 531 qui
1072 477 1252 531 propius
1297 479 1348 519 ad
1380 478 1568 522 Platonis

345 556 597 600 sententiam
638 555 771 599 rediit.
830 555 960 597 Porro
990 553 1211 595 Ciceronis
1237 553 1485 597 Academica
1506 567 1569 598 ra·

345 633 410 674 tio
433 633 478 674 in
502 644 552 674 eo
582 632 724 685 posita
746 641 830 673 erat
845 661 860 683 ,
892 640 940 672 ut
965 629 1142 671 libenter
1162 629 1206 670 in
1230 639 1452 682 utramque
1471 640 1565 683 par-

342 713 429 752 tem
471 710 735 760 disputaret,
777 719 864 749 non
900 706 1016 757 quod
1051 706 1188 748 omnia
1219 717 1347 758 aeque
1377 704 1483 746 falsa
1515 717 1564 746 ac

342 797 440 830 vera
463 796 555 827 esse
585 792 749 836 putaret
765 813 780 835 ,
812 782 886 824 sed
912 782 1026 834 quod
1049 793 1098 822 ex
1123 781 1420 823 sententiarum
1442 763 1561 823 com-⁴

341 861 563 916 paratione
607 860 782 901 maxime
825 857 918 899 elici
957 865 1124 911 putaret
1166 858 1282 910 quod
1317 857 1368 898 ad
1403 855 1562 898 Verum

345 939 535 992 proxime
561 939 784 980 accederet.
820 935 968 988 Itaque
990 947 1065 976 nec
1093 934 1232 976 omnia
1254 933 1429 987 negabat
1456 942 1562 984 quae

342 1013 395 1055 ab
420 1012 514 1054 aliis
542 1011 669 1053 sectis
697 1011 1021 1062 statuebantur,
1052 1011 1125 1052 scd
1151 1022 1256 1062 quae
1278 1008 1328 1051 ab
1362 1010 1412 1050 iis
1439 1017 1564 1050 certa

345 1090 624 1142 dicebantur,
657 1089 728 1130 ille
752 1088 1013 1133 verisimilia
1036 1089 1231 1131 vocavit:
1254 1088 1371 1130 conf.
1396 1087 1460 1128 De
1481 1085 1565 1147 Of?

339 1167 409 1211 fic.
442 1168 496 1209 Il.
538 1182 580 1210 2.
640 1167 734 1220 Ipse
768 1166 888 1207 Plato
931 1165 1144 1207 veritatem
1182 1176 1230 1205 ex
1255 1163 1384 1204 rebus
1408 1173 1564 1215 corpo-

336 1243 419 1289 reis
453 1251 493 1283 et
524 1241 672 1283 creatis
710 1242 916 1292 tollebat,
949 1250 1076 1292 atque
1112 1252 1197 1280 eam
1232 1239 1274 1280 in
1312 1238 1415 1280 solis
1451 1237 1560 1279 Ideis

339 1318 554 1370 ponebat:
596 1328 732 1368 neque
772 1326 909 1357 tamen
949 1317 1087 1355 minus
1122 1316 1282 1367 egregie
1315 1315 1366 1354 de
1404 1313 1563 1356 Divina

341 1393 611 1435 Providentia
631 1401 671 1432 et
693 1390 948 1433 Animorum
970 1388 1288 1430 Immortalitate
1305 1386 1563 1440 pronuncia-

340 1470 425 1511 vit.
484 1468 630 1518 ltaque
654 1466 808 1508 Cicero
826 1494 843 1516 ,
876 1475 1007 1515 quum
1033 1472 1074 1504 et
1107 1472 1216 1504 esset
1244 1471 1284 1503 et
1308 1462 1447 1502 haberi
1471 1461 1558 1503 vel·

335 1551 395 1591 let
431 1547 739 1599 Academicus,
789 1546 834 1587 in
873 1545 1056 1598 Physica
1099 1554 1138 1585 et
1173 1541 1331 1585 Morali
1363 1543 1559 1585 Philoso-

333 1625 458 1681 phiae
485 1634 605 1678 parte
639 1624 858 1666 Platonem
890 1622 1066 1664 maxime
1096 1632 1269 1663 secutus
1289 1631 1370 1664 est.
1429 1619 1558 1664 Hunc

333 1701 693 1754 Philosophorum
717 1700 850 1740 Deum
876 1699 1086 1751 appellat3
1108 1699 1220 1739 hunc
1238 1697 1438 1740 omnibus
1461 1698 1558 1740 aliis

333 1779 581 1830 anteponit3
605 1789 700 1818 cum
724 1777 804 1817 hoc
828 1788 987 1826 errare,
1008 1786 1132 1827 quam
1160 1787 1257 1815 cum
1284 1774 1378 1816 aliis
1407 1786 1561 1817 verum

334 1855 500 1904 dicere,
531 1854 708 1894 mavult.
752 1851 869 1893 Pleni
894 1861 996 1893 sunt
1019 1851 1290 1894 ciceroniani
1316 1851 1412 1892 libri
1437 1851 1553 1892 simi-

335 1931 454 1973 libus
488 1930 679 1972 Platonis
721 1928 946 1979 laudibus,
979 1941 1085 1980 quas
1117 1936 1291 1981 propter
1315 1929 1444 1981 ipsam
1472 1928 1559 1970 fre-

337 2008 548 2062 quentiam
574 2021 622 2050 ac
659 2007 970 2049 multitudinem
1002 2019 1083 2048 suo
1117 2017 1326 2058 quamque
1350 2006 1447 2046 loco
1476 2017 1554 2047 no-

335 2096 421 2128 tare
445 2096 533 2126 non
556 2091 620 2124 est
649 2094 836 2124 necesse.
898 2082 1008 2122 Satis
1033 2089 1124 2131 est,
1152 2082 1268 2132 quod
1287 2080 1551 2132 videbimus,

338 2176 435 2205 eum
457 2163 508 2204 de
533 2159 854 2203 Immortalitatc
878 2171 1051 2211 quoque
1074 2157 1259 2200 Platonis
1276 2157 1553 2210 potissimum

335 2239 629 2283 auctoritatem
660 2247 847 2280 secutum
877 2248 983 2278 esse.

396 2314 475 2360 IV.
522 2316 676 2368 Neque
711 2327 811 2356 vero
848 2326 897 2355 ex
940 2313 1047 2366 ipsis
1082 2312 1397 2365 philosophicis
1429 2312 1549 2356 libris

334 2395 578 2452 promiscue
617 2401 657 2434 et
692 2393 784 2436 sine
816 2393 978 2434 delectu
1016 2393 1191 2444 petenda
1226 2400 1326 2432 sunt
1361 2392 1553 2432 testimo-

339 2474 426 2517 nia.
486 2472 720 2525 Diligenter
761 2470 870 2512 enim
904 2468 1338 2519 animadvertendum‚
1371 2468 1470 2519 quid
1498 2479 1567 2509 ex·

336 2553 445 2607 sua,
486 2548 590 2604 quid
624 2561 673 2591 ex
707 2548 841 2590 aliena
878 2547 1056 2603 person&
1088 2544 1342 2598 pronunciet
1377 2543 1546 2588 Cicero.

1467 2618 1551 2674 Igi-
