1693 3110
492 207 1061 260 &ANTENIL
1330 215 1385 260 ει

155 342 266 393 tiae,
296 338 344 383 ut
366 339 553 382 omnium
577 337 737 393 judicio
768 336 805 377 ei
840 337 1056 379 deberetur
1078 335 1144 380 vei
1181 336 1376 379 cathedra

152 409 418 469 ‘academica,
461 416 527 458 vel
562 413 820 468 praefectura
856 422 897 454 et
931 414 1146 456 institutio
1183 412 1370 456 filiorum

156 493 366 547 regiorum
397 501 470 533 aut
501 490 828 544 principalium,
859 488 928 532 vel
962 498 1074 531 certe
1099 490 1259 532 lautum
1300 489 1375 531 ali·

159 572 277 624 quod
304 576 348 613 ‘et
383 574 477 612 cuin
508 568 579 611 ina
611 569 814 620 elegantia
848 571 1086 623 congruens
1125 568 1249 611 civile
1284 582 1378 613 rnu-

159 654 256 690 nus.
313 646 372 687 At
396 644 563 687 fortuna
589 628 775 697 indignis
797 643 917 686 etiam
941 644 1114 696 favens,
1147 646 1371 696 Santenio‚

161 722 354 775 quamvis
377 721 507 773 digno
528 750 544 772 ,
576 731 737 774 semper
771 720 944 762 adversa
977 718 1077 762 fuit.
1139 720 1378 763 Accedebat

160 798 361 841 valetudo
395 796 690 847 incommoda,
722 795 877 838 studiis
903 795 1101 846 inimica,
1134 795 1218 839 fere
1251 797 1379 838 rnedi-

158 884 216 916 co
251 883 291 914 et
328 872 592 925 gymnastico
626 873 745 914 victu
781 873 971 926 regenda.
1043 873 1279 915 Accedebat
1313 886 1383 917 ca-

163 960 240 990 sus
273 947 434 1000 patris,
466 946 591 988 rebus
622 947 815 989 nondum
844 947 1123 1000 compositis,
1155 959 1293 991 mente
1325 949 1382 991 ia·

164 1021 392 1074 befactati,
425 1021 516 1064 filio
547 1034 633 1063 n'on
656 1023 795 1063 solum
828 1022 1070 1074 patrimonii
1102 1035 1215 1076 spem
1241 1025 1378 1067 adhuc

164 1094 376 1139 ostensam
405 1097 615 1149 adimens,
659 1098 730 1139 sed
770 1099 1060 1141 necessitatem
1106 1100 1229 1142 etiam
1269 1102 1381 1144 senis

161 1172 299 1214 alendi
337 1171 574 1224 imponens.
636 1171 737 1226 Quo
771 1171 839 1213 bic
872 1172 1012 1215 officio
1035 1176 1297 1228 γηροτροφίας
1326 1175 1384 1216 ita

165 1250 344 1294 functus
370 1259 458 1302 est,
490 1260 536 1291 ut
564 1263 735 1302 omneS,
769 1262 898 1303 quum
921 1261 1037 1293 antea
1062 1253 1152 1306 eJ'us
1180 1252 1384 1294 eruditio-

167 1338 262 1371 nem
298 1327 603 1381 agnovissent,
635 1339 748 1369 nunc
785 1327 982 1380 pietatem
1016 1337 1218 1372 amarent.
1275 1328 1390 1371 Ven-

164 1405 274 1448 didit
307 1417 441 1446 rerum
479 1417 648 1447 suarum
675 1412 715 1445 et
748 1402 950 1447 librorum
977 1416 1184 1458 quantum
1220 1405 1388 1459 potuit,

162 1490 340 1531 eamque
364 1479 585 1532 pecuniam
612 1480 661 1521 a'd
685 1478 814 1531 patris
842 1480 1103 1521 'curationem
1124 1478 1387 1520 alimoniam-

169 1569 252 1609 que
285 1557 485 1599 contulit.
546 1556 641 1597 Hoc
676 1567 836 1606 unum,
879 1556 914 1597 si
939 1556 999 1597 nil
1025 1555 1165 1605 aliud,
1200 1555 1302 1598 bene
1327 1553 1388 1597 fa-

168 1640 285 1671 ctum
320 1629 356 1670 ei
393 1629 580 1671 omnium
616 1631 903 1681 potentiorum
942 1630 1097 1672 civium
1135 1630 1296 1672 animos
1318 1631 1390 1672 ad·

166 1708 369 1761 jungere,
402 1717 582 1757 eumque
613 1707 662 1746 ad
683 1706 889 1747 lucuienti
916 1709 1097 1748 muneris
1125 1707 1388 1758 adeptionem

171 1780 458 1823 commendare
479 1780 674 1823 debebat.
732 1781 1049 1834 Nequicquam.
1116 1783 1191 1823 Nil
1226 1782 1390 1835 profuit

171 1857 330 1910 pietas:
363 1857 424 1898 'nil
459 1856 623 1909 profuit
648 1858 957 1901 ‘commendatio
985 1861 1177 1913 quamvis
1209 1861 1387 1914 diligens

171 1944 214 1973 et
248 1942 446 1984 perpetua
479 1933 752 1986 Ruhnkenii,
796 1934 1088 1988 Valckenarii,
1127 1938 1389 1989 aliorumque

165 2021 431 2050 ‘summorum
457 2010 659 2053 virorum.
707 2010 841 2063 Igitur
865 2013 1077 2064 acquievit
1100 2013 1141 2054 in
1169 2026 1292 2065 opere
1317 2027 1392 2056 vo·

173 2083 360 2126 luntario
393 2083 682 2137 Repetitoris:
725 2087 1040 2139 adolescentes,
1084 2102 1200 2131 more
1235 2092 1391 2133 Acade-

177 2159 317 2212 mico,
353 2160 397 2201 in
427 2160 765 2214 Jurisprudentia
805 2165 975 2215 gradum
1010 2165 1217 2208 Doctoris
1249 2178 1394 2219 peten-

175 2244 273 2286 tes·⁹
305 2237 465 2279 scholis
497 2240 758 2292 repetendis,
790 2240 1154 2293 disputationibus
1181 2243 1396 2286 thesibus-

181 2322 263 2362 que
309 2314 679 2368 commentandis,
738 2316 790 2357 ad
829 2316 1132 2368 3pr0bati0ne1n
1174 2319 1395 2361 instruxit.

181 2386 262 2428 Sed
299 2389 433 2431 multo
471 2390 592 2432 etiam
629 2393 755 2433 latius
799 2395 878 2434 hoc
917 2393 957 2434 in
994 2407 1140 2447 genere
1176 2396 1309 2447 patuit
1340 2397 1405 2437 in-

184 2467 348 2510 dustria
395 2468 597 2512 Santeniic³
668 2471 810 2523 Nam,
852 2472 1072 2526 juventute
1103 2476 1311 2516 continuo
1353 2474 1404 2516 ad

192 2542 375 2585 Graecas
398 2542 658 2600 Latinasque
688 2547 853 2590 Literas
881 2548 1084 2593 hortanda
1116 2562 1157 2593 ct
1182 2552 1405 2594 insutum-

244 2610 339 2664 Vol.
371 2621 429 2664 11.
844 2625 880 2668 F
1327 2630 1375 2671 da
1391 2660 1407 2681 Ὠ
