1693 3110
322 199 405 244 620
621 193 1223 239 DISPUTATlo

80 327 169 357 sect.
203 325 290 359 vm.
313 318 388 361 rari
412 317 678 369 statuebant,
694 318 913 360 humanam
938 327 1122 360 naturam
1151 317 1367 372 magnifice
1393 320 1532 364 extola

129 368 248 405 Stoici.

309 393 478 443 lebant,
509 401 550 433 et
578 404 673 433 cum
709 391 866 435 Divina
894 392 980 434 fere
1006 395 1155 435 natura
1181 394 1521 448 aequiparabant.

308 467 374 510 1111
402 480 499 508 vero
534 468 585 509 ad
606 467 852 510 stabilienda
879 469 1121 522 gravissima
1144 468 1438 523 Philosophiae
1459 483 1527 513 ca-

308 544 399 599 pita
433 544 534 585 adeo
571 556 657 586 non
699 557 809 597 opus
835 557 927 587 esse
951 544 1267 587 Immortalitate
1295 548 1530 598 putabant,

309 629 362 660 ut
389 629 604 661 censerent
636 632 845 662 summum
869 620 1026 663 bonum
1052 633 1124 674 per
1149 634 1195 664 se
1228 621 1365 675 ipsum
1389 622 1531 664 absol-

309 695 356 737 vi
387 705 428 737 et
459 697 691 750 compleri,
722 709 808 740 non
848 710 947 739 vero
970 699 1108 752 augeri
1144 709 1327 751 tempore
1358 712 1404 740 ac
1432 699 1528 741 diuo

313 772 528 815 turnitate.
589 771 735 825 Itaque
768 773 842 815 hac
879 774 1103 816 utebantur
1141 775 1446 817 similitudine:
1481 783 1530 816 ut

316 847 504 899 optimus
532 855 646 890 esset
670 848 826 889 tibicen
848 860 931 890 non
958 849 1031 900 qui
1057 849 1326 901 diutissime,
1359 849 1432 891 sed
1454 848 1530 900 qui

315 924 496 966 maxime
519 936 570 965 ex
595 924 758 978 legibus
783 925 884 967 artis
906 924 1160 977 cecinisset,
1193 924 1250 966 ita
1281 925 1440 978 optime
1470 924 1534 966 vi-

315 999 432 1042 xisse
463 1013 549 1042 non
588 1013 679 1042 eum
698 1032 713 1052 ,
746 1001 821 1054 qui
862 1001 1130 1054 diutissime,
1161 1003 1233 1043 sed
1257 1002 1331 1054 qui
1359 1001 1533 1044 maxime

318 1076 618 1123 convenienter
651 1089 744 1119 cum
775 1078 946 1120 vivendi
978 1078 1143 1132 legibus
1167 1078 1368 1125 vixisset:
1404 1086 1451 1118 ut
1474 1076 1540 1116 hi·

319 1153 428 1195 strio
456 1154 643 1210 optImus
676 1164 819 1207 esset,
850 1167 935 1197 non
969 1156 1040 1207 qui
1065 1155 1335 1207 diutissime,
1367 1154 1439 1197 sed
1465 1152 1541 1206 qui

321 1233 513 1285 optime,
544 1231 725 1285 egisset,
757 1232 812 1273 ita
844 1232 886 1274 in
924 1233 1004 1273 hoc
1038 1233 1160 1285 quasi
1193 1231 1349 1279 Mundi
1373 1233 1536 1272 theatro

322 1307 556 1359 unicuique
595 1306 794 1348 tributam
833 1319 924 1354 esse
960 1318 1181 1359 personam
1208 1337 1224 1359 ,
1279 1318 1354 1348 nec
1390 1304 1542 1351 referre

323 1393 465 1424 utrum
487 1382 583 1434 quis
604 1395 690 1424 eam
717 1384 789 1424 diu
804 1413 819 1433 ,
843 1383 915 1424 sed
937 1395 987 1423 an
1008 1382 1110 1424 bene
1130 1383 1537 1434 convenienterque,

323 1457 495 1510 egisset.
556 1459 635 1499 Sed
663 1459 712 1498 de
744 1458 836 1510 ipsa
859 1457 1101 1501 conditione
1124 1467 1165 1498 et
1194 1457 1412 1500 duratione
1436 1457 1540 1500 Ani-

325 1545 489 1575 morum
525 1542 623 1586 post
659 1534 764 1577 hanc
807 1533 934 1576 vitam
963 1545 1050 1575 non
1077 1545 1220 1576 omnes
1263 1534 1369 1575 idem
1405 1546 1545 1576 sense-

321 1621 454 1656 runt:
489 1611 606 1652 aliter
630 1611 940 1664 Antiquiores,
976 1610 1050 1663 qui
1074 1611 1255 1653 Animos
1286 1612 1545 1663 aliquantum

331 1700 538 1730 remanere
567 1688 792 1730 volebant:
828 1687 946 1728 aliter
973 1687 1248 1737 recentiores,
1283 1685 1356 1737 qui
1389 1684 1475 1726 fere
1503 1687 1549 1731 in

332 1776 418 1804 eam
447 1763 688 1816 opinionem
714 1773 1039 1814 concesserant,
1067 1773 1115 1804 ut
1137 1763 1317 1804 Animos
1338 1773 1433 1803 cum
1457 1773 1551 1803 cor-

332 1852 439 1892 pore
467 1839 684 1892 exstingui
716 1849 926 1892 putarent.
969 1839 1105 1893 Igitur
1128 1851 1258 1892 quum
1284 1839 1440 1891 scripta
1463 1839 1552 1886 An-

339 1916 576 1968 tiquiorum
619 1917 834 1968 omnium,
879 1917 952 1970 qui
990 1925 1086 1959 ante
1123 1918 1317 1956 Senecam
1352 1912 1549 1962 fuerunt,

334 1992 466 2033 veluti
512 1993 727 2044 Zenonis,
770 1993 1037 2046 Chrysippi,
1077 1992 1331 2044 Cleanthis,
1371 1990 1550 2033 Posido-

337 2071 430 2123 nii,
461 2071 723 2123 aliorumque
756 2070 985 2124 perierint,
1017 2082 1090 2120 nec
1129 2070 1211 2113 nisi
1245 2069 1368 2110 trium
1398 2067 1482 2109 sere
1505 2067 1549 2108 in

339 2149 421 2191 hoc
459 2159 704 2202 argumento
740 2150 835 2190 libri
871 2150 1112 2192 Stoicorum
1148 2147 1389 2200 supersint,
1431 2145 1556 2188 Sene-

340 2238 414 2266 cae
429 2255 443 2276 ,
456 2225 668 2278 Epicteti,
683 2234 721 2266 et
742 2224 878 2268 Marci
897 2224 1129 2277 Antonini;
1146 2234 1310 2276 operam
1331 2221 1522 2266 dabimus
1534 2249 1552 2271 ,

343 2311 393 2341 ut
429 2313 478 2341 ne
500 2301 804 2353 Antiquiorum
834 2300 1219 2350 Recentiorumque
1244 2298 1397 2351 placita
1429 2306 1557 2338 teme-

347 2389 389 2418 re
423 2376 762 2430 confundamus,
793 2390 869 2424 nec
905 2376 1061 2419 Stoicis
1094 2375 1334 2428 promiscue
1356 2372 1555 2416 omnibus

347 2454 584 2505 tribuamus
628 2457 800 2508 omnia,
845 2466 950 2508 quae
994 2467 1015 2495 a
1053 2453 1188 2516 tribus
1222 2453 1338 2506 illis,
1380 2457 1558 2504 quorum

347 2534 507 2589 scripta
535 2545 694 2579 servata
719 2545 848 2590 sunt,
874 2531 1227 2590 pronunciantur·

1481 2601 1567 2651 Pri-
