1693 3110
287 163 394 213 DE
458 163 902 211 UNITATE
966 166 1139 215 DEI.
1247 166 1345 223 47&-

127 286 273 332 altera
293 289 396 343 illo,·
424 287 534 342 Jam
564 289 654 329 sine
673 300 822 330 caussa
843 288 911 330 m'l
923 285 1041 340 fieri.
1085 288 1204 347 Ergo
1227 290 1335 333 duas

131 375 199 406 res
209 364 401 420 perfecte
423 364 575 406 similes
595 372 636 404 et
656 363 851 420 aequales
873 377 955 406 esse
974 378 1053 406 non
1069 376 1198 421 posse.
1229 360 1337 419 Ejus
1382 404 1388 409 t

136 451 310 493 quoque
338 440 575 495 syllogismi
599 440 839 493 propositio
862 452 967 482 vana
988 449 1069 484 est.
1126 439 1262 494 Nam,
1290 435 1342 484 ul':

133 524 199 557 res
223 515 322 557 loco
358 514 575 566 differant,
608 526 693 556 non
723 513 903 556 efficitur
935 513 1278 557 dissimilitudine
1299 523 1342 557 et

135 588 429 642 inaequalitate
458 603 626 643 earum,
659 591 731 632 sed
752 590 964 644 principio
995 590 1343 644 Repugnantiae3

134 676 224 717 quo
246 666 453 718 quaelibet
480 679 543 709 res
564 667 634 708 illa
656 677 720 709 est
743 679 804 710 res
819 697 833 719 ‚
860 679 966 720 quae
986 678 1064 710 est.
1104 666 1234 721 Quod
1256 658 1343 711 nisi

137 738 196 783 ita
232 752 374 794 esset,
412 754 769 796 consequeretur,
811 743 1115 785 dissimillimas
1154 757 1347 799 quasque

139 827 204 858 tes
229 818 476 872 longissime
497 819 650 862 distare
670 831 692 860 a
715 831 758 860 se
784 819 979 863 invicem.
1043 822 1202 864 Deinde
1222 835 1347 866 caus-

142 903 218 945 sa,
233 906 358 946 quare
378 897 501 938 altera
527 908 592 937 res
613 897 694 938 hoc
718 896 773 938 sit
794 897 916 948 loco,
931 897 1054 939 altera
1076 898 1176 950 illo,
1200 911 1346 953 quam.

140 982 264 1023 quam
297 972 424 1015 nobis
447 974 562 1015 nulla
595 974 765 1027 cognita
789 974 876 1026 sit,
905 983 1042 1016 tamen
1064 984 1205 1028 potest
1226 987 1343 1029 esse,

139 1056 181 1089 et
206 1057 271 1091 est
298 1047 506 1097 profecto.
566 1049 647 1091 Est
670 1049 844 1092 omnino
872 1049 940 1092 hic
965 1049 1160 1101 frequens
1183 1051 1345 1093 abusus

142 1107 343 1177 principii
366 1125 650 1169 caussalitatis
681 1138 718 1167 s.
749 1126 928 1168 rationis
952 1125 1224 1180 sufficienti83
1258 1140 1348 1181 quo

139 1210 207 1242 res
237 1199 326 1252 ipsa
360 1210 565 1254 negatur,
609 1210 650 1243 et
684 1212 895 1254 tamquam
923 1208 1189 1256 repugnanS‚
1227 1215 1354 1257 repu-

141 1271 278 1316 diatur
291 1303 306 1326 ‚
323 1285 420 1316 cum
449 1275 539 1329 ejus
556 1287 748 1317 caussam
764 1277 922 1318 nullam
939 1279 1186 1330 reperimus.
1220 1280 1350 1325 Aliud

138 1347 248 1391 enim
272 1359 336 1391 est
359 1363 549 1392 caussam
580 1358 750 1403 tenere,
779 1364 915 1407 quare
945 1365 1014 1394 res
1039 1365 1121 1394 esse
1143 1363 1323 1410 nequeat
1331 1370 1352 1410 ;

139 1428 256 1471 aliud
278 1438 342 1471 est
358 1459 373 1479 ‚
404 1427 567 1471 nullam
591 1437 734 1469 tenere
755 1441 946 1471 caussam
961 1459 977 1481 ,
1008 1443 1143 1485 quare
1171 1443 1237 1472 res
1270 1443 1353 1473 esse

136 1509 287 1565 possit.
355 1508 436 1549 Sed
466 1509 661 1549 nimirum
698 1509 780 1550 hoc
809 1491 1066 1561 principium
1103 1511 1359 1556 Indiseerni·

148 1581 298 1625 billum
327 1593 402 1625 nec
429 1581 769 1624 Mathematicam
799 1594 874 1624 nec
908 1581 1357 1645 Ontologicamhabet

147 1659 438 1702 necessitatem
467 1670 483 1711 3
536 1669 672 1711 neque
705 1659 911 1702 continuo
948 1671 999 1701 ex
1032 1659 1357 1715 Repugnantiae

147 1733 361 1789 principio
390 1734 683 1787 consequitur.
742 1734 808 1777 Ex
845 1734 1162 1789 Cosmologicis
1194 1747 1359 1783 tantum

147 1809 419 1859 rationibus,
462 1808 499 1850 si
532 1808 698 1860 quidem
732 1820 800 1850 eae
836 1809 888 1850 ad
916 1808 1150 1860 exemplum
1183 1810 1359 1854 Leibni-

150 1887 312 1928 sianum
340 1881 646 1933 informentur,
665 1882 701 1922 ei
722 1883 952 1926 necessitas
975 1883 1177 1927 vindicari
1200 1888 1358 1937 possit.

150 1962 263 2004 Cum
297 1959 436 2010 enim,
467 1970 514 2001 ex
548 1957 752 2000 Leibnitii
782 1959 1014 2011 sententia,
1044 1961 1256 2015 quaelibet
1283 1963 1364 2004 hu·

139 2038 218 2093 jus
250 2034 395 2078 mundi
413 2045 522 2091 pars
557 2035 761 2090 efficiatur
781 2048 808 2078 a
830 2043 921 2077 tota
954 2037 1209 2081 connexione
1242 2052 1361 2081 mun-

148 2113 227 2167 di‚·
256 2114 552 2169 consequitur,
583 2111 688 2153 duas
725 2124 792 2153 res
817 2111 1004 2167 perfecte
1037 2113 1193 2156 similes
1223 2124 1266 2156 et
1288 2120 1363 2174 aef

154 2188 298 2246 quales
319 2203 346 2229 a
368 2187 527 2232 duabus
548 2190 705 2230 caussis
714 2185 927 2243 proficisci
941 2190 1131 2245 perfecte
1151 2180 1361 2243 similibus

158 2275 199 2313 et
222 2264 493 2320 aequalibus,
523 2263 574 2308 id
605 2274 695 2316 est,
725 2278 752 2305 a
786 2263 939 2305 duobus
971 2264 1134 2307 mandis
1157 2269 1366 2311 similibus

159 2350 200 2384 et
234 2341 513 2398 aequaltbus..
559 2341 617 2385 E.
656 2341 709 2383 In
743 2355 822 2384 uno
857 2339 1072 2397 eodemque
1103 2345 1253 2388 mundo
1284 2360 1367 2388 non

153 2425 322 2476 possunt
344 2418 472 2459 inesse
491 2407 599 2460 duae
620 2432 686 2460 res
701 2417 890 2474 perfecte
914 2407 1068 2462 similes
1088 2432 1130 2463 ec
1152 2422 1368 2478 aequales.

162 2493 258 2539 Hoc
281 2492 318 2536 si
337 2493 615 2537 concedamus
627 2507 644 2551 3
677 2506 762 2539 non
796 2493 1032 2549 continuo,
1061 2497 1170 2542 duos
1200 2498 1362 2552 plures-2

805 2569 888 2628 Gg
923 2583 951 2623 4
1320 2586 1373 2622 ve
