1693 3110
215 216 297 256 412
515 174 1130 244 DISPUTATI'O

217 337 317 368 rnnn
357 322 567 383 ingenhun
615 322 666 363 ad
710 332 796 361 eani
831 319 1168 371 consequendani
1203 329 1289 361 non
1322 313 1449 362 satis⁴

218 399 358 452 ipsun]
398 397 590 439 habuefit
637 396 822 448 xdrhnn,
864 396 936 436 sed
970 394 1129 436 auxifio
1173 394 1322 435 adduci
1357 395 1428 436 de·

218 474 355 514 buerit
380 473 540 515 divino.
599 471 774 522 Veluti,
808 468 1059 512 notionibus
1097 469 1295 522 trianguli
1323 481 1425 520 qua-

217 547 494 599 drangulique
541 538 755 599 cogni'tiS,
795 546 888 598 ipsa
931 557 1011 586 nos
1056 553 1203 585 natura
1234 543 1350 585 ducit
1374 542 1429 587 ad

216 622 503 676 cognitionem
541 620 811 663 theorematis
846 621 896 662 de
931 620 1134 673 quadrato
1157 618 1434 672 hypothenu-

216 711 300 740 sae.
365 699 423 740 Et
460 698 583 739 multi
619 705 754 738 tamen
789 694 1080 748 reperiuntur,
1123 696 1197 746 qui
1233 692 1449 752 trianguli.¹

223 775 498 827 quadratique
544 774 747 814 rationem
798 779 1091 824 cognoscant,
1131 769 1338 811 theorema
1379 770 1432 810 de

221 851 426 902 quadrato
455 848 779 900 hypothenusae
810 859 897 888 non
920 856 1199 899 cognoscant.
1261 844 1321 886 lta
1353 844 1436 887 Di-

220 927 366 969 vinum
391 925 599 978 quoddam
629 936 720 965 esse
742 923 915 967 Numen
945 922 1069 976 pauci
1096 921 1288 963 homines
1310 920 1434 974 igno-

220 1011 341 1044 rant:
388 1000 494 1042 illud
531 1000 700 1041 unicum
755 1010 847 1040 esse
888 1010 973 1040 non
1021 997 1230 1046 continuo
1275 996 1435 1038 intelli-

225 1088 349 1131 gunt.
412 1077 502 1127 At,
533 1074 700 1126 inquit,
733 1073 838 1114 illud
862 1082 925 1113 est
950 1070 1274 1130 Mlathematicae
1304 1070 1433 1112 ratio·

222 1166 293 1196 nis
313 1182 326 1204 ‚
359 1164 441 1203 qua
469 1162 518 1192 ex
554 1149 688 1190 initiis
711 1148 870 1200 reliqua
897 1147 1132 1189 necessario
1156 1156 1434 1199 consequun-

225 1238 322 1270 tur:
357 1226 461 1267 sslud
484 1238 569 1267 non
598 1225 713 1266 steni.
766 1224 986 1265 (joncedo.
1048 1219 1438 1264 Sedinsiestbaa-

225 1303 474 1348 thematicae
510 1301 714 1350 rationis,
746 1300 880 1341 Deum
925 1300 1093 1340 unicum
1123 1310 1242 1348 esse;
1276 1306 1339 1339 est
1374 1305 1436 1338 ta-

226 1393 323 1423 men
361 1375 536 1420 rationis
574 1375 640 1418 vel
675 1374 938 1426 Probabilis,
981 1375 1047 1416 vel
1079 1372 1288 1424 Moram,
1330 1381 1442 1413 certe

223 1455 417 1499 rationis.
480 1454 625 1502 Atque
657 1451 712 1491 ita
750 1463 794 1492 se
826 1463 889 1491 res
924 1450 1080 1501 habet,
1112 1459 1159 1490 ut
1195 1459 1278 1500 qua
1310 1448 1440 1490 nobis

226 1532 391 1575 ratunie
423 1527 719 1581 persuadeatur
753 1527 887 1568 I)eunn
926 1537 1045 1575 esse,
1086 1524 1257 1575 eadent,
1289 1524 1325 1564 si
1365 1536 1436 1565 ex·

229 1608 441 1661 plicetur,
473 1602 595 1644 etiam
630 1601 959 1654 persuadeatur,
991 1610 1084 1639 eum
1122 1598 1293 1639 unicum
1328 1610 1436 1641 esse.

228 1681 359 1738 Quod
387 1679 555 1732 quidem
596 1677 637 1718 in
671 1676 949 1719 conclusione
980 1673 1108 1728 hujus
1133 1672 1441 1727 disputationis

230 1757 449 1802 ostendere
479 1753 744 1797 conabimur.

283 1834 364 1876 Est
396 1834 496 1874 haec
529 1829 733 1872 sententia
765 1826 960 1877 Horatii,
993 1826 1087 1867 Nec
1106 1824 1222 1867 Deus
1243 1827 1448 1877 intersit,

231 1913 316 1954 m'si
336 1909 488 1962 dignus
509 1905 674 1949 vindice
695 1902 826 1944 nodus
845 1900 1053 1943 Inciderit
1067 1914 1083 1942 :
1107 1914 1228 1954 quam
1253 1903 1324 1943 ille
1346 1913 1448 1955 poe-

234 1986 293 2028 tis
330 1985 463 2034 dixit,
507 1978 781 2030 sententIam,
823 1989 902 2019 nos
943 1977 993 2018 ad
1022 1977 1310 2030 philosophos
1342 1976 1447 2019 refe·

233 2072 393 2104 ramus.
455 2057 553 2099 Suis
588 2054 750 2097 viribus
793 2053 1021 2095 humanum
1047 2052 1260 2107 ingenium
1293 2052 1451 2094 intelli·

239 2138 302 2192 git
335 2136 470 2177 Deum
509 2143 629 2173 esse:
663 2129 753 2171 suis
788 2129 949 2170 viribus
986 2130 1167 2183 eJ'usdem
1194 2127 1290 2169 inde
1312 2130 1451 2171 unita-

239 2223 321 2254 tem
354 2209 536 2262 colligit.
599 2206 715 2261 Quid
751 2205 880 2259 igitur
916 2214 1006 2255 est,
1038 2205 1156 2257 quod
1190 2203 1323 2245 veluti
1351 2204 1450 2248 mali

241 2296 416 2342 poetae,
441 2284 513 2325 ubi
536 2297 599 2324 res
619 2283 712 2335 ipsa
734 2281 860 2323 nobis
884 2280 1039 2321 exitum
1067 2280 1281 2332 ostendit,
1306 2280 1445 2324 Deum

243 2376 292 2405 ex
317 2361 507 2402 machina
534 2359 799 2400 inducamus.
860 2356 975 2413 Quid
1001 2357 1118 2408 quod
1143 2369 1229 2398 non
1254 2358 1362 2399 idem
1387 2355 1451 2399 fa-

245 2440 406 2481 ciamus
445 2435 487 2476 in
529 2434 581 2475 iis
617 2434 772 2486 nodis,
810 2433 882 2486 qui
920 2433 1051 2486 inagis
1082 2432 1202 2473 etiam
1236 2433 1302 2473 vel
1339 2443 1450 2485 opus

245 2514 421 2559 habeant
459 2511 526 2554 vel
555 2509 671 2563 digni
707 2509 794 2552 sint
828 2507 992 2554 vindice
1022 2508 1138 2552 Deo:
1200 2508 1353 2572 Qualis
1387 2515 1454 2547 est-

1355 2583 1458 2633 haec
