1693 3110
242 196 324 243 314
610 184 1065 235 MEMORIA

237 309 404 362 quidem
442 309 595 346 titulus
629 303 878 357 profitetur,
922 306 1163 349 scholarum
1210 310 1347 354 usibus
1383 327 1455 357 ac.

236 381 527 432 commodata,
559 380 876 423 Wassenaerius
918 394 1141 435 utramque
1171 396 1350 439 nactus,
1381 402 1450 434 eas

239 461 348 501 inter
369 470 413 499 se
436 458 647 509 contulit,
680 459 793 510 quod
826 472 904 513 ego
938 459 1073 502 facere
1097 462 1232 505 adhuc
1258 477 1456 518 superse-

238 535 374 577 deram
392 564 407 584 ‚
433 533 835 586 annotationemque
848 535 1102 579 diversitatis
1117 538 1336 592 diligenter
1353 553 1458 585 con·

242 610 345 652 fecit
361 641 375 662 ,
405 609 597 662 mihique
618 611 812 664 tradidit3
847 614 955 655 unde
983 615 1168 667 cognovi
1192 628 1348 658 novum
1372 619 1462 661 edi-

243 695 376 728 torem
409 700 570 740 paucos
601 688 751 740 loc08‚
782 689 910 742 idque
942 700 1091 732 contra
1127 703 1262 735 meum
1286 696 1464 738 consili·

244 776 314 806 um
330 794 346 815 ‚
376 764 443 806 vel
466 763 666 806 omisisse
686 766 751 806 vel
780 775 980 810 mutasse.

308 838 405 881 Hoc
433 839 543 881 libro
568 840 708 891 lecto,
741 841 791 882 ad
820 841 1116 895 philosophiae
1139 841 1466 896 Literarumque

246 914 516 967 Historiam,
550 928 675 967 quam
713 916 758 958 in
785 916 945 960 scholis
978 918 1139 960 nostris
1165 919 1464 972 inchoaverat,

247 992 485 1034 accuratius
506 991 842 1044 cognoscendam
881 992 1115 1044 excitatus,
1147 994 1324 1048 majores
1349 1006 1465 1036 meos

246 1069 298 1109 de
320 1080 365 1109 ea
395 1067 719 1109 commentarios
745 1069 769 1110 a
795 1079 860 1110 me
893 1069 1045 1121 petiit,
1077 1082 1188 1122 quos
1211 1070 1463 1112 describeret

247 1154 289 1187 et
326 1144 608 1188 meditaretur.
668 1144 855 1186 Omnino
880 1157 1007 1197 supra
1043 1148 1255 1200 vulgarem
1292 1148 1465 1190 modum

247 1235 345 1264 cum
385 1221 637 1264 Universam
676 1221 947 1273 Historiam,
978 1232 1070 1265 tum
1103 1223 1215 1265 illam
1254 1225 1343 1277 ejus
1377 1236 1472 1277 par-

251 1309 333 1339 tem
365 1297 559 1349 tenebat,
592 1307 640 1340 ut
673 1307 714 1338 et
745 1298 1104 1350 philosophorum
1129 1310 1473 1352 caeterorumque

250 1386 509 1428 scriptorum
538 1383 722 1415 veterum
751 1374 885 1426 vitas,
925 1374 1108 1426 placita,
1141 1374 1302 1426 libros,
1333 1386 1372 1418 et
1393 1388 1472 1428 po·

250 1453 450 1506 polorum
488 1464 553 1493 res
584 1450 1004 1503 conversionesque,
1036 1463 1178 1503 regum
1204 1451 1470 1505 principum.

253 1541 335 1579 quc
360 1525 470 1570 facta
495 1526 539 1568 in
570 1536 741 1579 promtu
776 1526 960 1569 haberet.
1024 1525 1183 1568 Totius
1208 1535 1346 1569 autem
1370 1529 1468 1582 phi-

254 1603 480 1655 l‹›sophiae
504 1601 672 1643 brevem
705 1611 746 1642 et
775 1600 1129 1654 compendiariam
1158 1603 1475 1658 cogmtionem,

253 1679 327 1721 sed
364 1675 571 1731 praesenti
601 1679 830 1729 proposito
857 1676 1156 1730 sufficientem,
1187 1680 1471 1732 praecipiebat

251 1767 303 1797 ex
338 1753 506 1796 Ernesti
545 1752 686 1795 Initiis
719 1753 948 1795 Doctrinae
978 1752 1221 1797 Solidioris.
1290 1755 1348 1797 Et
1373 1769 1474 1798 vero

253 1832 386 1886 hujus
420 1838 609 1881 caetera,
641 1830 824 1882 itemque
845 1828 1005 1872 Mureti
1027 1841 1066 1872 et
1096 1831 1342 1874 Ruhnkenii
1373 1832 1476 1874 scri-

253 1897 331 1965 pta¹
373 1908 552 1949 multum
588 1907 836 1959 lectitabat,
883 1906 1012 1959 idque
1048 1918 1222 1960 propter
1263 1907 1480 1950 doctrinae

256 1984 552 2041 praestantiam
587 1983 881 2036 orationisque
914 1984 1194 2035 suavitatem,
1225 1996 1330 2035 quae
1362 1984 1489 2037 puri·-⁴

256 2071 371 2112 tate,
402 2059 743 2112 compositione,
774 2069 812 2102 et
836 2060 1013 2114 eleganti
1041 2060 1298 2113 philosopha
1316 2059 1479 2103 ratione

257 2137 309 2180 ad
333 2137 605 2188 antiquorum
631 2135 811 2178 formam
833 2137 1060 2180 accederet.

325 2214 587 2258 Phaedontm
633 2227 757 2267 quam
797 2215 1019 2270 diligenter
1057 2213 1279 2255 meditatus
1306 2212 1394 2265 sit,
1432 2223 1484 2256 ut

261 2289 348 2332 scre
382 2299 517 2330 totum
561 2292 604 2332 in
640 2301 862 2332 numerato
901 2290 1099 2341 haberet,
1144 2287 1329 2329 ostendit
1361 2293 1486 2326 acuta

261 2365 348 2407 loci
387 2364 576 2417 imptditi
615 2365 869 2418 explicatio,
907 2376 1030 2418 quam
1066 2365 1159 2414 ipse
1183 2372 1342 2401 mecum
1367 2371 1484 2401 com-

266 2442 531 2492 municavit,
574 2454 652 2494 ego
686 2443 730 2484 in
770 2442 986 2485 Addendis
1023 2438 1364 2481 commemoravi.
1423 2436 1484 2478 Et

262 2530 403 2564 tamen
433 2520 657 2565 editionem
682 2531 868 2565 nostram
900 2519 1094 2578 quamvis
1128 2517 1298 2574 saepius
1320 2515 1401 2559 sibi
1427 2517 1486 2560 les

1342 2602 1482 2646 ctam,
