1693 3110
276 130 354 178 152-
548 115 1118 181 4291-ST0LA

275 249 420 294 gantes
442 238 650 289 requirere
670 245 871 292 cogatur:
906 239 1084 292 deinde,
1113 251 1164 287 ne
1193 239 1294 292 quid
1315 241 1359 289 in
1385 255 1484 297 pos.

278 319 410 361 terum
451 315 778 366 promittamus,
811 325 897 365 quo
931 314 1010 355 iste
1043 314 1199 357 librarii
1229 318 1358 360 debiti
1391 332 1485 363 exa-

271 398 367 442 ctor
395 400 474 431 nos
498 400 545 429 ex
567 388 658 441 jure
687 399 853 429 manum
877 399 1118 439 consertum
1143 403 1292 433 vocare
1313 395 1474 436 audeat.

290 519 294 523 ι
324 463 405 505 Sed
441 463 661 516 pergenti,
691 464 745 504 mi
781 463 1009 516 Lyndene,
1039 475 1236 517 coeptum
1258 479 1366 519 opus
1388 480 1483 520 per.

259 533 405 593 agere,
441 541 554 585 ultro
575 540 676 584 mihi
700 540 904 594 cogitatio
934 541 1135 593 temporis
1160 541 1267 583 inter
1290 543 1417 597 huJ‘us
1438 552 1480 585 et

261 617 423 670 primae
448 615 582 666 Partis
609 615 879 669 scriptionem
905 615 1109 669 interjecti
1133 617 1345 658 occurrit:
1375 628 1483 669 quae-

261 694 498 746 cogitatio‚
534 693 675 735 tristis
713 705 764 734 ne
796 705 844 734 an
870 693 1086 747 jucunda,
1127 703 1238 744 certe
1273 693 1481 748 ejusmodi

260 781 353 822 est,
390 780 435 812 ut
473 770 640 812 silentio
676 782 759 811 eam
795 768 1116 822 praetermittere
1152 769 1478 822 haudquaquam

254 848 439 902 possim.
472 846 667 900 Triginta
690 845 734 887 hi
769 855 868 887 sunt
892 845 1003 887 anni.
1036 844 1107 886 Tu
1133 846 1318 886 nondum
1349 854 1478 887 natus,

254 936 360 965 eras,
424 923 603 964 Vivebat
637 934 756 975 patet·
783 934 930 973 meus,
960 921 1145 963 virorum
1171 921 1383 974 optimus:
1408 919 1479 961 cui

254 1012 339 1061 non
366 1000 493 1042 modo
517 1003 562 1043 τὸ
588 1002 684 1054 ζῇν,
717 998 787 1047 sed
823 1008 863 1045 et
885 1000 928 1041 τὸ
950 997 992 1044 εὖ
1016 999 1112 1053 ζῇν,
1143 997 1282 1041 debui.
1342 997 1474 1040 Vive-

256 1077 357 1120 bant
394 1075 511 1119 alteri
545 1088 678 1128 patres
717 1075 793 1117 mei
815 1106 829 1127 .,
859 1073 1141 1123 Ruhnkenius
1175 1083 1215 1122 et
1240 1073 1475 1115 Valckena-

256 1154 377 1206 rius,
410 1166 588 1206 quorum
619 1165 664 1194 ex
689 1153 844 1193 lumine
871 1153 1009 1191 lumen
1037 1150 1128 1204 ipse
1150 1150 1251 1191 mihi
1281 1150 1479 1191 accende-

255 1243 356 1288 rem.
417 1231 511 1283 Ego
537 1230 840 1272 Amsrelodami
874 1228 1041 1270 Literas
1077 1238 1115 1269 et
1153 1226 1474 1280 Philosophiam

257 1307 458 1357 docebam
477 1338 490 1359 ‚
524 1308 565 1355 in
591 1308 681 1350 otio
705 1307 899 1359 quamvis
925 1307 1183 1358 tranquillo,
1203 1315 1338 1348 tamen
1361 1306 1476 1351 dein-

262 1386 312 1427 de
343 1395 449 1436 quot
471 1386 722 1437 quantisque
746 1383 1151 1441 commutationibus
1175 1382 1378 1426 turbato?
1420 1382 1478 1424 Et

264 1459 364 1501 illos
388 1468 470 1500 tres
495 1460 609 1501 viros
634 1457 765 1500 fatum
790 1458 1018 1502 exstinxit:
1044 1469 1083 1498 et
1108 1458 1295 1509 amicos,
1317 1458 1476 1511 quibus

258 1536 455 1585 florebam
475 1568 487 1587 ‚
513 1538 674 1578 multos
702 1545 774 1576 aut
797 1548 910 1578 mors
939 1535 1041 1576 mihi
1064 1535 1219 1588 eripuit
1235 1567 1249 1586 .,
1277 1546 1348 1577 aut
1372 1546 1476 1578 tern-

263 1625 415 1666 porum
440 1612 617 1656 varietas
640 1612 872 1657 subtraxit:
900 1624 1080 1665 quorum
1102 1611 1394 1665 amissionem,
1425 1623 1473 1656 ut

265 1689 447 1740 assolet,
486 1689 521 1728 si
548 1690 715 1740 quando
744 1688 870 1728 unius
892 1687 1150 1739 alteriusque
1182 1686 1284 1728 boni
1305 1687 1384 1728 viri
1408 1700 1476 1729 ac-

260 1765 453 1807 cessione
465 1765 660 1816 supplere
685 1764 779 1805 licet
798 1794 811 1814 ‚
836 1762 1005 1804 fortuna
1028 1764 1230 1815 praeclare
1246 1762 1470 1810 nobiscum

258 1838 396 1893 egisse
420 1838 600 1888 videtur.
659 1837 706 1879 ln
737 1837 803 1878 his
832 1848 873 1878 et
907 1846 1020 1886 tuam
1041 1868 1054 1888 ,
1088 1836 1143 1877 mi
1171 1834 1401 1888 Lyndene,
1433 1845 1476 1878 et

250 1914 386 1957 Patris
411 1915 502 1965 tui,
532 1913 788 1960 nobilissimi
825 1912 1227 1967 prudentissimique
1261 1913 1370 1965 viri,
1400 1915 1477 1955 mi-

251 1989 295 2032 hi
314 1989 538 2039 amicitiam
560 1989 764 2047 obtigisse
780 2020 794 2041 ‚
819 1990 863 2031 in
889 1991 1111 2044 praecipua
1132 1989 1344 2031 felicitatis
1363 2002 1474 2031 meae

251 2076 369 2119 parte
391 2078 525 2119 pono.
585 2065 790 2124 Equidem
821 2066 863 2107 in
889 2067 965 2107 hac
989 2066 1097 2107 vitae
1120 2074 1329 2118 tamquam
1350 2066 1467 2108 navi·

252 2144 421 2196 gatione
446 2142 501 2183 ita
526 2143 658 2192 ventis
685 2153 723 2184 et
747 2143 950 2185 fluctibus
979 2143 1160 2196 jactatus
1181 2154 1271 2185 sum
1290 2173 1304 2192 ‚
1337 2152 1383 2183 ut
1411 2150 1473 2184 ta·

252 2232 346 2261 men
374 2219 415 2259 in
440 2220 576 2272 puppi
604 2219 936 2272 gubernaculum
961 2232 1070 2261 meae
1095 2220 1187 2273 ipse
1218 2220 1391 2272 cymbae
1414 2232 1474 2261 re-

250 2279 449 2346 tiuerem,
482 2309 652 2348 eamque
679 2309 812 2350 neque
838 2298 860 2340 a
895 2297 1052 2350 magnis
1089 2297 1266 2349 navigiis
1311 2297 1466 2348 obrui,

251 2387 328 2435 nec
354 2375 497 2431 parvis
534 2387 681 2424 nocere
718 2377 920 2418 sinerem:
953 2375 1025 2417 sed
1061 2375 1101 2418 in
1134 2385 1355 2429 utramque
1374 2387 1467 2428 par-

250 2461 334 2500 tem
355 2461 618 2497 consectarer
643 2459 687 2499 τὸ
712 2452 752 2500 εὖ
774 2461 896 2499 ποιεῖν
920 2453 986 2498 καὶ
1014 2451 1056 2498 εὖ
1087 2450 1295 2508 πάσχειν,
1324 2446 1495 2513 hatest-,3

1399 2535 1470 2568 cla
