1693 3110
382 186 490 229 Ao
576 180 1137 227 LYNDENUM.
1295 187 1378 238 165

158 305 459 358 ingeniosum,
493 308 565 348 sed
597 306 784 347 eumdem
812 315 1068 357 captatorem
1093 305 1297 349 novitatis
1333 314 1373 346 et
1405 335 1410 338 -

157 382 519 433 admirabiifftatis,
561 395 635 424 nec
664 382 764 422 mihi
790 382 1014 434 probatum
1052 382 1095 423 in
1129 392 1374 434 argumento

155 459 207 500 de
243 458 421 500 Unimte
456 459 563 510 Dei,
597 468 636 500 et
657 458 818 511 judicio
854 459 902 499 de
926 460 1060 500 Falsa
1087 461 1278 515 Argutia
1306 460 1379 502 Fi-

152 546 367 588 gurarum
397 534 800 588 Syllogisticarum,
844 542 890 573 ut
926 533 1015 573 suis
1052 534 1160 575 locis
1204 526 1381 577 not-‘'we-

153 622 267 661 ram,
310 611 352 651 in
388 611 693 657 Disputatione
732 609 781 650 de
816 607 990 650 Unitate
1024 608 1101 649 Dei
1135 622 1180 661 p.
1207 612 1288 663 (13,
1321 619 1362 653 et

155 683 198 724 in
224 684 397 737 Logicis
422 685 652 738 Praeceptis
680 700 724 738 p..
756 685 846 737 183.
910 685 1111 725 Attamen
1135 685 1247 727 illam
1275 686 1364 740 eJ'us

158 760 357 803 Griticam
386 762 515 804 Durae
543 762 736 803 Rationis
775 760 874 801 mihi
895 761 1231 814 cognoscentiam
1260 761 1369 817 judi·

159 838 332 888 tabam,
367 838 399 878 si
434 837 544 878 forte
567 837 728 889 aliquid
757 835 964 887 adferret,
998 849 1082 888 quo
1109 849 1188 890 ego
1210 838 1378 878 docerer

156 913 253 965 vel,
296 915 510 966 repudiata
552 919 639 955 mea
681 923 814 954 vetere
854 911 1182 964 Metaphysica,
1226 924 1380 955 novam

160 987 266 1029 hanc
293 1001 384 1039 esse
408 991 662 1040 sequendam
682 1021 696 1041 ,
721 990 786 1030 vel
813 999 926 1030 certe
947 998 1085 1040 partes
1109 989 1305 1040 quasdam
1331 990 1378 1032 in

164 1073 300 1105 vetere
337 1064 658 1116 circumscribi,
693 1068 871 1114 mutari,
904 1072 977 1104 aut
1012 1063 1136 1114 addi,
1167 1073 1376 1115 oportere.

218 1140 310 1181 PH.
343 1140 513 1193 Ecquid
543 1141 675 1193 igitur
703 1140 878 1183 attulit?

218 1215 294 1257 W.
329 1217 406 1257 Pro
442 1217 757 1268 exspectatione
785 1228 957 1269 paruum
1004 1217 1074 1258 sed
1107 1217 1242 1258 dicam
1277 1216 1383 1270 quid

165 1291 268 1334 mihi
293 1292 505 1334 acciderit.
571 1291 750 1335 Librum
785 1293 914 1336 simul
938 1307 984 1335 ac
1011 1295 1202 1346 prodisse
1229 1294 1385 1337 fereba-

161 1373 260 1417 tur,
304 1378 497 1418 arcesso,
530 1368 677 1422 ⁸legere
721 1367 897 1422 incipio.
965 1368 1172 1411 Praefatio
1208 1380 1384 1423 arguta,

166 1446 303 1498 primo
333 1459 396 1488 res
433 1458 554 1488 notas
589 1447 800 1499 reserens,
855 1447 1003 1489 deinde
1035 1448 1254 1501 magnifica
1285 1461 1390 1500 pro-

164 1524 294 1565 missa
337 1535 602 1576 expromens.
672 1554 697 1576 „
725 1525 873 1565 Puram
914 1524 1164 1578 Rationem,
1210 1525 1380 1580 inquit,

168 1629 196 1651 „
226 1612 318 1649 esse
353 1602 480 1647 animi
517 1600 759 1645 facultatem
804 1601 1091 1654 cognoscendi
1115 1614 1205 1652 τρε,
1237 1614 1311 1654 per
1340 1614 1387 1645 se

168 1703 196 1725 „
226 1676 396 1725 solum,
439 1675 527 1716 sine
560 1687 759 1716 sensuum
801 1676 996 1728 corporis
1034 1684 1073 1716 et
1109 1677 1387 1729 experientiae

168 1780 196 1804 „
226 1751 550 1793 communione:
586 1751 870 1792 Inventerium
904 1752 1150 1794 notitiarum
1187 1754 1388 1807 intelligi-

169 1856 196 1880 „
227 1827 376 1867 bilium
408 1827 431 1868 ὰ
464 1827 571 1869 Pura
607 1827 790 1870 Ratione
828 1829 1142 1883 prosectarum,
1182 1843 1274 1873 esse
1303 1833 1386 1885 Sy·

173 1933 200 1957 „
231 1913 362 1946 stema
387 1904 725 1957 B‘Ietaphysicae.
788 1906 845 1947 At
868 1905 950 1947 hoc
975 1905 1016 1948 in
1045 1907 1153 1949 libro
1175 1907 1217 1948 id
1245 1909 1390 1961 syste-

170 2012 197 2038 „
228 1994 291 2024 ma
319 1983 504 2023 nondum
528 1982 733 2025 exhiberi:
777 1982 849 2022 sed
872 1982 1092 2033 criticam,
1124 1983 1164 2022 id
1194 1994 1258 2024 est
1288 1994 1386 2025 cen..

169 2086 198 2109 ‚‚
227 2067 392 2107 suram,
424 2055 488 2108 agi
524 2055 717 2097 RationIS
748 2055 879 2098 Purae
903 2068 941 2098 et
974 2057 1217 2099 notitiarum
1255 2058 1304 2100 ab
1341 2071 1388 2102 ea

171 2158 198 2182 „
229 2129 617 2182 proficiscentium:
661 2131 849 2182 inquiri,
892 2143 944 2172 an
983 2132 1281 2186 Metaphysica
1319 2147 1387 2177 ca-

172 2235 201 2258 „
229 2208 322 2248 dere
348 2207 484 2259 possit
516 2206 557 2248 in
591 2207 831 2249 facultatem
871 2208 1026 2261 ingenii
1058 2211 1254 2254 humanit
1284 2225 1387 2264 pos-

173 2308 200 2331 „
231 2281 368 2323 sibilis
396 2294 472 2323 nec
508 2295 557 2324 ne
591 2284 674 2324 sit;
710 2296 832 2335 quam
872 2284 1089 2337 superiore
1123 2296 1252 2329 aetate
1284 2288 1390 2342 regi·

177 2386 204 2408 „
235 2369 326 2397 nam
360 2357 626 2400 scientiarum
664 2360 876 2412 habitam,
919 2373 1030 2402 nunc
1066 2363 1223 2405 saeculi
1251 2375 1389 2405 errore

177 2461 204 2484 ἥ
232 2443 485 2474 contemtarn
525 2434 684 2486 jacere,
728 2446 767 2476 et
816 2435 937 2486 quasi
979 2434 1121 2478 Ovidii
1168 2437 1386 2481 Hecubam

176 2538 203 2568 2,
236 2510 354 2563 queri
380 2534 433 2542 --
458 2510 573 2555 moda
604 2517 797 2556 maxima
834 2525 1004 2567 reram,
1039 2522 1100 2556 tot
1121 2520 1289 2570 gene-ris
1313 2530 1389 2559 zm·

785 2586 822 2632 L
853 2602 877 2648 3
1259 2621 1286 2648 ,ἡ
1314 2592 1393 2632 lisa
