1693 3110
312 182 393 230 DE
422 175 942 228 IMMORTALITATE
971 178 1165 227 ANIMt.
1262 188 1348 239 59!

141 304 254 363 giam
278 307 403 350 nobis
424 305 818 349 demonstrationem
843 314 1120 358 pepererunt,
1151 302 1237 358 qua
1264 305 1351 348 effi·
1374 305 1464 383 {533
1492 304 1534 341 v·

142 384 288 436 citur,
331 381 557 437 Cogitanda·
600 383 685 425 vim
719 394 800 423 non
832 391 945 436 posse
979 382 1110 423 inesse
1147 381 1352 439 Corpori,
1466 368 1478 385 ⁶
1511 373 1516 377 ⁵

141 462 294 516 quippe
337 458 458 509 cujus
492 469 624 499 omnes
657 459 842 500 actiones
883 459 1175 514 passionesque
1222 460 1355 501 conti-

141 544 329 576 neantur
352 536 547 589 partium
574 534 808 575 mutatione
834 545 885 575 ac
915 544 1043 577 motu.

200 609 432 662 Septimum
471 613 769 663 Argumentum
809 610 998 661 equidem
1048 611 1226 663 probare
1268 623 1357 655 non

141 696 354 738 possum,
384 697 430 726 ac
457 685 586 727 verbo
621 684 852 727 notandum
888 694 966 728 est.
1026 684 1123 728 Hoc
1162 698 1210 727 eo
1237 686 1357 728 debet

142 759 302 802 valere:
351 790 379 813 „
401 760 619 802 Essentias
645 772 778 801 rerum
806 772 896 803 esse
933 771 1174 803 constantes
1210 771 1249 803 et
1279 764 1357 803 im-

147 834 399 877 mutabiles:
430 836 581 889 atqui,
614 834 757 878 Animi
795 835 1033 879 Essentiam
1062 838 1241 890 positam
1265 849 1359 879 esse

145 909 190 952 in
218 909 501 963 cogitatione;
538 920 636 961 ergo
664 909 753 951 fieri
785 923 870 953 non
907 924 1061 965 posse,
1092 923 1139 953 ut
1171 913 1352 955 Animus

145 996 344 1036 umquam
380 984 676 1037 cogitationem
703 986 880 1030 amittat.
931 988 1077 1040 Itaque
1099 987 1229 1040 effici,
1253 988 1358 1030 Anio

147 1071 263 1102 mum
292 1071 384 1101 esse
419 1059 751 1103 Immortalem.'’
823 1062 965 1115 Haec,
995 1063 1198 1115 inquam,
1232 1075 1358 1116 argu-

149 1135 280 1178 menti
322 1134 541 1177 conclusio
573 1135 676 1176 mihi
717 1148 803 1180 non
837 1139 1054 1191 probatur.
1124 1136 1265 1190 Nam,
1310 1145 1358 1179 ut

147 1209 210 1251 nil
242 1210 376 1251 dicam
412 1210 461 1251 de
495 1209 587 1251 aliis
625 1212 814 1262 partibus
841 1224 945 1263 quae
979 1212 1217 1265 reprehendi
1256 1224 1359 1263 pos.

143 1284 259 1336 sint,
297 1284 416 1326 Plato
457 1283 682 1325 confundit
729 1296 861 1337 genus
909 1298 1045 1328 rerum
1090 1290 1356 1330 existentiam

145 1372 243 1402 cum
278 1371 424 1414 genere
461 1370 596 1400 rerum
626 1358 902 1415 possibilium.
962 1362 1160 1414 Etenim,
1194 1372 1238 1404 ut
1262 1376 1358 1414 res,

147 1447 255 1488 quae
289 1443 509 1484 movetur,
553 1446 641 1475 non
687 1443 830 1486 potest
860 1435 1039 1490 intelligi
1076 1437 1158 1479 nisi
1192 1439 1276 1489 ita,
1318 1448 1365 1480 ut

145 1511 291 1552 locum
323 1520 449 1551 suum
484 1518 642 1550 mutet:
678 1508 791 1549 nulla
827 1518 960 1551 tamen
995 1511 1092 1554 hine
1135 1513 1364 1555 necessitas

155 1584 469 1636 consequitur,
513 1592 562 1624 ut
602 1595 665 1624 res
707 1583 778 1625 illa
822 1596 983 1638 semper
1012 1596 1254 1639 moveatur,
1292 1595 1366 1629 aut

156 1672 318 1713 semper
353 1657 525 1701 existat.
597 1657 745 1709 Itaque
785 1661 999 1713 concedo,
1040 1662 1238 1704 Animum
1276 1674 1365 1705 nou

148 1747 278 1790 posse
304 1733 515 1787 intelligi,
559 1732 641 1774 nisi
675 1732 759 1785 ita,
807 1744 854 1775 ut
883 1735 1020 1778 vivat:
1062 1749 1198 1790 neque
1228 1746 1366 1780 tamen

157 1819 377 1866 propterea
401 1809 591 1851 concedo
610 1839 625 1859 ,
655 1809 752 1850 hinc
787 1810 1025 1853 necessario
1052 1813 1283 1865 consequi,
1318 1821 1368 1854 ut

151 1885 336 1930 Animus
371 1896 532 1937 semper
574 1883 690 1927 vivat
727 1893 798 1925 aut
836 1896 998 1937 semper
1043 1886 1206 1928 existat.
1284 1887 1366 1929 Sed

156 1960 353 2005 nimirum
375 1958 494 2001 Plato
519 1959 561 2001 in
584 1958 690 2000 hanc
726 1959 967 2012 opinionem
999 1964 1087 2002 suis
1121 1961 1211 2014 ipse
1230 1961 1365 2003 initiis

153 2038 385 2087 obsecutus
415 2035 544 2079 venit,
617 2032 758 2085 Nam,
804 2047 934 2086 quum
973 2046 1206 2088 statueret,
1247 2038 1364 2079 Ideas

147 2114 325 2156 existere
356 2122 397 2155 et
437 2121 623 2154 aeternas
675 2122 793 2161 esse,
836 2122 1053 2163 quumque
1087 2112 1268 2154 Animos
1310 2114 1363 2154 ad

154 2189 342 2231 Idearum
372 2196 560 2231 naturam
595 2186 830 2239 retulisset3
862 2198 1126 2238 consequens
1169 2196 1281 2238 erat,
1314 2196 1363 2229 ut

156 2271 382 2315 statueret,
413 2264 589 2306 Animos
622 2274 709 2304 non
744 2261 877 2314 magis
902 2261 992 2304 vita
1024 2272 1150 2314 posse
1175 2261 1364 2315 privari,

154 2350 307 2391 quam,
349 2349 454 2382 v.c.
496 2338 752 2392 triangulum
804 2336 943 2379 tribus
994 2336 1192 2378 lateribus
1224 2337 1365 2390 priva.

154 2414 217 2465 xi,
248 2422 288 2454 et
315 2422 448 2455 tamen
470 2415 726 2470 triangulum
760 2425 937 2455 manere.

217 2485 412 2533 Vidimus
436 2489 486 2531 de
504 2489 806 2546 Philosophica
831 2488 958 2542 hujus
981 2485 1067 2530 loci
1097 2496 1242 2543 parte,
1274 2486 1362 2540 qua

1292 2561 1366 2606 de·
