1693 3110
258 206 316 260 “64
649 198 1146 252 EPISTULA

268 332 486 382 omnium,
520 329 662 381 qnod,
694 327 790 369 dum
814 327 988 382 juvenes
1020 326 1206 368 fuimus:
1239 333 1332 370 nam
1356 332 1501 371 nune‘'

261 417 506 462 provectior
523 415 631 446 aetas
658 416 680 445 a
698 405 934 458 juventutis
954 404 1164 444 erroribus
1189 415 1292 457 nos,
1312 406 1434 446 credo
1451 425 1469 456 ,3

263 481 486 525 liberavit:
522 480 593 522 Tu
627 492 737 521 meas
775 480 950 532 ineptias
977 479 1141 531 tulisti,
1177 491 1222 520 ut
1255 492 1333 534 ego
1360 492 1475 521 tuas&

266 559 456 609 Deinde,
489 558 603 609 quod
631 557 733 598 mihi
759 557 905 597 multis
932 556 1120 608 partibus
1153 557 1349 608 prodesse
1383 566 1476 598 stu*-

266 632 416 676 duisti'.
485 633 647 674 Recens
682 645 746 673 me
777 634 997 687 cognitum
1019 654 1034 684 ,2
1078 643 1124 673 ut
1159 635 1249 685 ipse
1280 633 1477 684 amabas,

270 711 332 753 ita
356 721 519 763 operam
544 709 670 751 dabas
699 718 745 749 ut
769 709 839 750 alii
869 718 1075 759 amarent,
1109 711 1273 761 quibus
1294 722 1357 750 me
1379 721 1483 750 cona

272 786 490 831 ciliasses:
516 797 624 826 meas
643 784 786 826 laudes
813 773 1315 837 praedicaba8,1neaeque
1338 785 1484 826 existi-

279 861 508 912 mationis,
539 870 585 902 ut
608 862 700 915 ipse
724 863 834 903 soles
856 862 1019 913 dicere,
1046 862 1270 902 bucinator
1291 874 1395 903 eras.
1427 860 1487 902 Et

278 940 317 981 si
348 938 515 991 quando
551 947 832 992 aegrotarem,
862 940 976 990 quod
1003 948 1173 991 propter
1194 939 1294 979 caeli
1316 950 1354 978 et
1372 939 1481 979 aeris

278 1014 510 1057 novitatem
535 1013 645 1054 haud
670 1026 761 1055 raro
791 1014 942 1065 fiebat,
974 1023 1087 1055 tanta
1118 1026 1183 1054 me
1210 1013 1426 1066 diligentia
1450 1022 1492 1054 et

277 1089 567 1134 sollicitudine
590 1089 832 1141 invisebas,
862 1091 1096 1140 tractabas,
1127 1089 1330 1139 curabas,
1364 1099 1409 1130 ut
1431 1089 1494 1130 nil

278 1165 489 1208 amantius
527 1165 752 1218 excogitari
777 1176 940 1218 posset.
1004 1165 1154 1217 Neque
1179 1163 1278 1204 milii
1300 1164 1383 1216 ipsi
1404 1173 1497 1205 tane

283 1243 532 1294 tummodo,
564 1242 636 1283 sed
659 1250 698 1281 et
721 1241 974 1293 disciplinae
997 1241 1164 1282 favebas
1192 1251 1329 1290 meae,
1361 1251 1498 1290 neque

284 1317 504 1361 desinebas
549 1317 835 1359 adolescentes
873 1316 1058 1367 hortari,
1101 1325 1146 1356 ut
1180 1314 1217 1355 ei
1249 1327 1292 1355 se
1324 1315 1496 1356 darent:-

280 1406 417 1447 eoque
440 1395 633 1447 maj0rem
655 1391 915 1445 percipiebas
939 1391 1074 1433 laudis
1098 1400 1136 1431 et
1159 1390 1394 1442 voluptatis
1412 1389 1502 1431 frua·

283 1478 431 1520 ctum,
465 1481 550 1521 quo
591 1470 746 1522 majore
781 1480 890 1508 meae
916 1468 1086 1509 scholae
1116 1466 1351 1517 frequentia
1375 1466 1502 1506 disci-⁴

285 1544 485 1599 pulorum
513 1544 724 1586 florerent.
784 1543 916 1585 Porro
941 1556 1069 1595 quum
1094 1556 1156 1584 res
1180 1554 1264 1582 tnea
1289 1553 1504 1594 ageretur,

287 1621 336 1663 in
374 1620 628 1662 decernenda
663 1619 766 1660 mihi
802 1631 941 1670 nova,
975 1619 1019 1660 in
1058 1621 1273 1661 Athenaeo
1294 1619 1509 1660 Amstelo·-

291 1697 505 1749 damensi,
535 1695 838 1749 Philosophiae
871 1695 1092 1746 cathedra,
1125 1704 1243 1736 tuum
1279 1694 1387 1736 inter
1419 1707 1511 1736 cae·

291 1782 406 1815 teros
441 1772 599 1813 amicos
632 1772 675 1812 in
710 1771 856 1823 primis
889 1770 1066 1810 eminuit
1099 1770 1315 1821 studium,
1347 1771 1509 1823 agendo

293 1856 337 1889 et
356 1846 553 1889 omnibus
573 1846 737 1887 viribus
762 1845 1068 1887 contendendo.
1129 1844 1327 1896 Cumque
1350 1846 1518 1898 aliquos

296 1923 376 1964 ties
408 1922 725 1963 Amstelodatno
749 1921 798 1961 ad
822 1920 921 1962 alias
950 1919 1152 1961 stationes
1187 1920 1410 1971 invitarer,
1441 1920 1513 1962 Tu

299 1997 508 2039 continuo
535 2008 599 2036 me
628 1996 894 2046 convenisti,
925 1996 1130 2047 suadens,
1162 1996 1360 2047 hortans,
1398 1996 1515 2049 flagi-

302 2081 424 2124 tans,
456 2084 507 2114 ne
535 2070 805 2123 obsequerer.
866 2071 923 2113 Et
963 2071 1038 2112 hac
1070 2081 1280 2123 postrema
1317 2071 1516 2115 Leidensi

297 2147 546 2191 conditione
581 2147 682 2189 mihi
716 2147 855 2189 oblata
878 2176 894 2199 ,
936 2157 982 2188 ut
1018 2160 1166 2188 rursus
1210 2148 1310 2189 mihi
1348 2159 1516 2201 praesto

302 2223 454 2268 fuisti!
495 2223 679 2275 docens,
713 2236 918 2275 monens,
948 2226 1203 2277 postulans,
1235 2238 1285 2268 ne
1326 2227 1520 2267 luculen-

308 2309 392 2343 tam
419 2301 673 2353 stationem,
710 2302 852 2342 urbem
880 2311 1033 2355 gratam
1062 2312 1101 2343 et
1133 2303 1252 2354 quasi
1276 2303 1519 2355 adoptivam

301 2377 513 2432 patriam,
552 2376 710 2418 multos
744 2378 821 2418 mei
857 2386 895 2418 ct
932 2388 1114 2419 amantes
1140 2388 1179 2419 ct
1211 2380 1425 2421 studiosos
1460 2392 1525 2420 re·

304 2454 564 2505 linquercm:
598 2465 670 2494 nec
704 2454 823 2506 prius
846 2456 961 2497 *meis
992 2456 1223 2498 rationibus
1252 2459 1484 2499 concedens
1502 2489 1517 2510 ,

307 2542 432 2584 quam
452 2531 666 2574 intellecto
686 2533 945 2576 conditionis
966 2533 1092 2588 hujus
1109 2545 1322 2577 momento
1337 2536 1385 2576 ad
1399 2547 1521 2575 caus-

1429 2621 1518 2652 sam
