1693 3110
514 172 1173 223 PARENTAle
1367 182 1454 238 3ss

228 306 440 356 putarent.
499 295 549 338 In
589 296 656 338 his
688 294 860 339 fuerunt
895 299 1063 351 quidam
1099 299 1283 343 studiosi
1306 301 1451 344 adole-

227 387 426 435 ¹scentes,⁴
453 373 526 427 qui
563 373 614 415 ad
647 373 785 428 legum
808 375 1035 429 decorique
1060 386 1321 420 contemtum
1345 391 1449 431 pro·

232 456 398 512 gressi,
432 451 648 497 Boersium
681 450 724 492 in
746 450 1000 494 auditorium
1029 453 1250 505 publicum
1279 454 1453 496 audien-

228 534 304 581 dae
334 526 540 573 orationis
567 538 716 568 caussa
743 525 976 567 venientem
1000 539 1097 568 cum
1121 528 1314 571 irrisione
1339 531 1452 572 exei-

228 615 404 660 perent‚
437 609 707 646 occentantes
732 600 894 644 dictum
934 603 1141 655 quoddam
1161 633 1177 655 ‚
1215 606 1330 656 quod
1360 604 1451 658 ipsi

226 690 365 736 partes
402 679 661 731 Nassavicas
705 677 946 722 defendenti
981 679 1023 722 in
1059 685 1215 728 benatu
1249 683 1453 729 Leidensi

224 760 461 810 exciderat,
494 758 678 811 indeque
706 757 757 799 ad
779 757 897 811 vulgi
934 756 1130 800 notitiam
1164 771 1445 805 emanaverat.

222 834 308 877 nic
338 844 419 876 tam
445 833 632 877 inaudita
673 833 904 889 petulantia
938 845 1204 887 commotus,
1236 845 1276 877 et
1312 837 1448 891 magis

222 912 346 958 etiam
386 910 588 953 facinoris
628 911 923 964 impunitatem
959 911 1212 965 indignans,
1245 914 1376 956 simul
1403 923 1448 956 et:

216 987 443 1030 instantem
465 988 620 1041 patriae
644 997 799 1031 sortem
818 987 1220 1041 commiserabatur‚
1245 991 1289 1032 in
1314 1001 1444 1043 quam

215 1065 356 1110 aditus
379 1064 580 1107 hostibus
604 1074 848 1118 pararetur,
883 1065 959 1116 qui
997 1077 1113 1116 eam,
1147 1067 1265 1108 nulla
1295 1069 1440 1120 legum

216 1141 600 1193 conditionumque
630 1141 772 1183 habita
798 1140 986 1190 ratione,
1025 1141 1259 1184 libidinoso
1298 1152 1339 1184 et
1362 1156 1440 1185 su.-

213 1219 345 1274 perbo
379 1218 459 1260 sub
499 1218 678 1271 imperio
708 1217 898 1261 vexaturi
923 1228 963 1259 et
990 1218 1238 1260 exhausturi
1272 1229 1443 1266 essent.

217 1292 350 1349 Quod
370 1295 490 1347 plane
517 1293 574 1334 ita
598 1292 754 1349 evenit.
785 1292 893 1344 Nam
917 1293 1114 1346 quamvis
1139 1295 1311 1338 laudans
1333 1296 1443 1339 Gal·

212 1371 342 1427 licum
383 1371 594 1425 populum
628 1380 675 1418 ut
713 1371 1014 1424 ingeniosum,
1047 1371 1308 1425 humanum,
1339 1374 1442 1417 affa-

213 1447 373 1500 bilem,
416 1461 612 1500 cotnem‚
659 1448 822 1500 qualem
872 1448 964 1502 ipse
1002 1461 1197 1502 praesens
1236 1461 1439 1503 expertus

210 1532 297 1569 erat
324 1553 339 1575 ‚
369 1523 451 1568 hoc
478 1523 681 1565 referebat
706 1525 756 1564 ad
793 1536 916 1577 eum,
950 1524 1024 1576 qui
1058 1525 1139 1565 sub
1168 1525 1289 1578 justo
1319 1526 1436 1580 regio

206 1597 385 1650 imperio
408 1596 577 1639 fuerat:
609 1599 660 1639 ad
685 1610 776 1639 eum
795 1628 810 1650 ‚
842 1599 916 1651 qui
945 1608 1093 1654 postea
1116 1599 1230 1652 fuit,
1260 1601 1321 1645 nil
1357 1603 1437 1646 mi·

210 1683 312 1719 nus.
375 1672 502 1727 Tunc
545 1685 644 1715 vero
672 1673 766 1715 istis
793 1675 1128 1728 cogitationibus
1154 1677 1242 1719 dies
1264 1688 1438 1721 noctes-

207 1762 291 1802 que
323 1749 501 1802 agitatus
537 1748 581 1791 in
621 1761 784 1803 gravem
821 1751 1017 1792 morbum
1043 1752 1215 1804 incidit,
1248 1765 1436 1806 eumque

203 1837 301 1873 cum
330 1824 477 1865 delirio
513 1824 824 1878 conjunctum,
857 1828 975 1878 quod
1012 1827 1193 1870 subinde
1231 1828 1275 1870 in
1309 1828 1434 1872 furo-

200 1912 284 1943 rem
318 1899 467 1941 abiret.
528 1898 664 1952 Igitur
698 1899 1018 1955 custodiebatur
1043 1903 1159 1950 domi
1194 1916 1294 1946 suae
1329 1915 1368 1947 et
1400 1907 1427 1952 ἐι

199 1976 306 2019 suis.
360 1976 469 2019 Nam
509 1975 706 2028 quamvis
742 1977 933 2030 caelebs,
977 1991 1053 2021 sua
1085 1977 1181 2032 ipse
1215 1980 1258 2022 in
1296 1983 1429 2031 domo

198 2054 443 2105 habitabat,
474 2066 606 2115 eaque
632 2053 847 2096 famulitio
884 2056 1091 2099 instructa
1113 2068 1152 2099 et
1175 2061 1426 2112 supellecti.

198 2131 265 2182 le,
310 2131 598 2184 omnibusque
645 2132 865 2184 partibus,
909 2134 1069 2186 quibus
1111 2135 1224 2177 lauta
1269 2137 1426 2186 domus

197 2215 408 2259 censetur.
476 2206 648 2248 Accidit
686 2208 814 2258 paulo
848 2216 979 2262 post,
1025 2218 1073 2251 ut
1107 2209 1278 2252 Gallico
1311 2223 1427 2254 exer-

199 2280 289 2330 citu
315 2293 477 2324 omnem
506 2294 649 2335 agrum
676 2284 885 2336 urbesque
912 2284 1042 2340 hujus
1071 2286 1177 2338 reip.
1204 2301 1423 2340 occupau-

197 2366 268 2408 te‚
300 2360 615 2405 dominarentur
652 2372 788 2415 partes
823 2362 1201 2415 Antinassavicae‚
1231 2375 1271 2407 et
1295 2378 1421 2408 exau·

197 2438 372 2479 ctoratis
405 2440 616 2483 veteribus
642 2438 965 2494 magistratibus
1001 2454 1140 2485 novos
1179 2443 1228 2484 ad
1261 2456 1417 2487 novam

193 2510 371 2564 formam
398 2514 560 2571 imperii
584 2516 807 2572 popularis
832 2516 1143 2564 constituerent
1161 2529 1178 2563 ι
1211 2520 1416 2572 quosdam

1292 2603 1415 2642 etiam

1397 2710 1417 2719 ,Α
