<?xml version="1.0" encoding="UTF-8"?>
<!DOCTYPE html PUBLIC "-//W3C//DTD XHTML 1.0 Transitional//EN"
    "http://www.w3.org/TR/xhtml1/DTD/xhtml1-transitional.dtd">
<html xmlns="http://www.w3.org/1999/xhtml" xml:lang="en" lang="en">
 <head>
  <title>
</title>
<meta http-equiv="Content-Type" content="text/html;charset=utf-8" />
  <meta name='ocr-system' content='tesseract 3.04.00' />
  <meta name='ocr-capabilities' content='ocr_page ocr_carea ocr_par ocr_line ocrx_word'/>
</head>
<body>
  <div class='ocr_page' id='page_1' title='image "./opusculavariiarg02wytt/opusculavariiarg02wytt_0163.png"; bbox 0 0 1693 3110; ppageno 0'>
   <div class='ocr_carea' id='block_1_1' title="bbox 353 225 1385 293">
    <p class='ocr_par' dir='ltr' id='par_1_1' title="bbox 353 225 1385 293">
     <span class='ocr_line' id='line_1_1' title="bbox 353 225 1385 293; baseline -0.006 -10"><span class='ocrx_word' id='word_1_1' title='bbox 353 227 606 283; x_wconf 70' lang='lat' dir='ltr'><strong>SEL&#39;ECT.</strong></span> <span class='ocrx_word' id='word_1_2' title='bbox 647 231 847 279; x_wconf 83' lang='lat' dir='ltr'><strong>PRINC.</strong></span> <span class='ocrx_word' id='word_1_3' title='bbox 888 225 1194 278; x_wconf 83' lang='lat' dir='ltr'><strong>HISTORIC.</strong></span> <span class='ocrx_word' id='word_1_4' title='bbox 1302 244 1385 293; x_wconf 76' lang='lat'>147</span> 
     </span>
    </p>
   </div>
   <div class='ocr_carea' id='block_1_2' title="bbox 155 354 1396 1554">
    <p class='ocr_par' dir='ltr' id='par_1_2' title="bbox 155 354 1394 1407">
     <span class='ocr_line' id='line_1_2' title="bbox 161 354 1382 414; baseline -0.005 -9"><span class='ocrx_word' id='word_1_5' title='bbox 161 363 253 414; x_wconf 77' lang='lat' dir='ltr'>eit,</span> <span class='ocrx_word' id='word_1_6' title='bbox 287 359 402 414; x_wconf 88' lang='lat' dir='ltr'>quod</span> <span class='ocrx_word' id='word_1_7' title='bbox 425 357 582 412; x_wconf 86' lang='lat' dir='ltr'>precati</span> <span class='ocrx_word' id='word_1_8' title='bbox 602 368 765 398; x_wconf 86' lang='lat' dir='ltr'>eramus</span> <span class='ocrx_word' id='word_1_9' title='bbox 785 355 829 397; x_wconf 83' lang='lat' dir='ltr'>in</span> <span class='ocrx_word' id='word_1_10' title='bbox 851 354 1109 409; x_wconf 79' lang='lat' dir='ltr'>praefatione</span> <span class='ocrx_word' id='word_1_11' title='bbox 1123 355 1279 409; x_wconf 65' lang='lat' dir='ltr'>prioris,</span> <span class='ocrx_word' id='word_1_12' title='bbox 1295 357 1382 399; x_wconf 89' lang='lat' dir='ltr'>edi-</span> 
     </span>
     <span class='ocr_line' id='line_1_3' title="bbox 155 436 1383 496; baseline -0.005 -12"><span class='ocrx_word' id='word_1_13' title='bbox 155 441 317 493; x_wconf 81' lang='lat' dir='ltr'>tionis,</span> <span class='ocrx_word' id='word_1_14' title='bbox 347 449 395 481; x_wconf 74' lang='grc' dir='ltr'>αι’</span> <span class='ocrx_word' id='word_1_15' title='bbox 424 450 503 496; x_wconf 78' lang='lat' dir='ltr'>per</span> <span class='ocrx_word' id='word_1_16' title='bbox 536 439 645 480; x_wconf 78' lang='lat' dir='ltr'><em>hanc</em></span> <span class='ocrx_word' id='word_1_17' title='bbox 682 444 872 477; x_wconf 81' lang='lat' dir='ltr'><em>nostram</em></span> <span class='ocrx_word' id='word_1_18' title='bbox 907 446 1077 492; x_wconf 78' lang='lat' dir='ltr'><em>operam</em></span> <span class='ocrx_word' id='word_1_19' title='bbox 1113 438 1215 479; x_wconf 80' lang='lat' dir='ltr'>haec</span> <span class='ocrx_word' id='word_1_20' title='bbox 1237 436 1383 479; x_wconf 80' lang='lat' dir='ltr'><em>studia</em></span> 
     </span>
     <span class='ocr_line' id='line_1_4' title="bbox 156 513 1386 569; baseline -0.002 -12"><span class='ocrx_word' id='word_1_21' title='bbox 156 517 206 558; x_wconf 80' lang='lat' dir='ltr'>in</span> <span class='ocrx_word' id='word_1_22' title='bbox 236 516 318 557; x_wconf 79' lang='lat' dir='ltr'>illa</span> <span class='ocrx_word' id='word_1_23' title='bbox 344 513 598 569; x_wconf 71' lang='lat' dir='ltr'>frequentia</span> <span class='ocrx_word' id='word_1_24' title='bbox 624 518 875 561; x_wconf 74' lang='lat' dir='ltr'>manerent,</span> <span class='ocrx_word' id='word_1_25' title='bbox 908 520 947 550; x_wconf 83' lang='lat' dir='ltr'>et</span> <span class='ocrx_word' id='word_1_26' title='bbox 976 514 1219 554; x_wconf 72' lang='lat' dir='ltr'>crescerent·</span> <span class='ocrx_word' id='word_1_27' title='bbox 1241 516 1386 569; x_wconf 74' lang='lat' dir='ltr'><em>potius</em></span> 
     </span>
     <span class='ocr_line' id='line_1_5' title="bbox 158 584 1384 648; baseline -0.003 -15"><span class='ocrx_word' id='word_1_28' title='bbox 158 606 288 648; x_wconf 71' lang='lat' dir='ltr'><em>quam</em></span> <span class='ocrx_word' id='word_1_29' title='bbox 323 590 625 632; x_wconf 78' lang='lat' dir='ltr'><em>decrescerent.</em></span> <span class='ocrx_word' id='word_1_30' title='bbox 699 584 848 637; x_wconf 82' lang='lat' dir='ltr'>Itaque</span> <span class='ocrx_word' id='word_1_31' title='bbox 902 585 1069 628; x_wconf 80' lang='lat' dir='ltr'>evenit:</span> <span class='ocrx_word' id='word_1_32' title='bbox 1115 597 1155 629; x_wconf 89' lang='lat' dir='ltr'>et</span> <span class='ocrx_word' id='word_1_33' title='bbox 1192 587 1384 632; x_wconf 79' lang='lat' dir='ltr'>homines</span> 
     </span>
     <span class='ocr_line' id='line_1_6' title="bbox 159 662 1383 718; baseline -0.002 -8"><span class='ocrx_word' id='word_1_34' title='bbox 159 667 345 711; x_wconf 81' lang='lat' dir='ltr'>studiosi</span> <span class='ocrx_word' id='word_1_35' title='bbox 367 666 607 718; x_wconf 76' lang='lat' dir='ltr'>complures</span> <span class='ocrx_word' id='word_1_36' title='bbox 634 662 818 716; x_wconf 84' lang='lat' dir='ltr'>professi</span> <span class='ocrx_word' id='word_1_37' title='bbox 845 673 946 705; x_wconf 86' lang='lat' dir='ltr'>sunt</span> <span class='ocrx_word' id='word_1_38' title='bbox 963 694 978 715; x_wconf 86' lang='lat'><em>‚</em></span> <span class='ocrx_word' id='word_1_39' title='bbox 1011 663 1093 705; x_wconf 89' lang='lat' dir='ltr'>sibi</span> <span class='ocrx_word' id='word_1_40' title='bbox 1121 666 1235 707; x_wconf 89' lang='lat' dir='ltr'>hunc</span> <span class='ocrx_word' id='word_1_41' title='bbox 1261 666 1383 708; x_wconf 69' lang='lat' dir='ltr'>libel·</span> 
     </span>
     <span class='ocr_line' id='line_1_7' title="bbox 158 742 1380 797; baseline -0.001 -10"><span class='ocrx_word' id='word_1_42' title='bbox 158 744 248 788; x_wconf 84' lang='lat' dir='ltr'>lum</span> <span class='ocrx_word' id='word_1_43' title='bbox 265 775 280 797; x_wconf 65' lang='lat'>9</span> <span class='ocrx_word' id='word_1_44' title='bbox 311 757 406 786; x_wconf 87' lang='lat' dir='ltr'>cum</span> <span class='ocrx_word' id='word_1_45' title='bbox 432 743 483 786; x_wconf 87' lang='lat' dir='ltr'>ad</span> <span class='ocrx_word' id='word_1_46' title='bbox 499 743 743 785; x_wconf 82' lang='lat' dir='ltr'>discendum</span> <span class='ocrx_word' id='word_1_47' title='bbox 766 753 805 784; x_wconf 88' lang='lat' dir='ltr'>et</span> <span class='ocrx_word' id='word_1_48' title='bbox 829 742 1062 785; x_wconf 77' lang='lat' dir='ltr'>docendum</span> <span class='ocrx_word' id='word_1_49' title='bbox 1080 774 1095 796; x_wconf 85' lang='lat'><strong>‚</strong></span> <span class='ocrx_word' id='word_1_50' title='bbox 1123 754 1213 786; x_wconf 88' lang='lat' dir='ltr'>tum</span> <span class='ocrx_word' id='word_1_51' title='bbox 1237 746 1287 786; x_wconf 86' lang='lat' dir='ltr'>ad</span> <span class='ocrx_word' id='word_1_52' title='bbox 1309 758 1380 786; x_wconf 88' lang='lat' dir='ltr'>co·</span> 
     </span>
     <span class='ocr_line' id='line_1_8' title="bbox 161 817 1387 875; baseline -0.002 -12"><span class='ocrx_word' id='word_1_53' title='bbox 161 820 449 875; x_wconf 75' lang='lat' dir='ltr'>gnoscendum</span> <span class='ocrx_word' id='word_1_54' title='bbox 475 827 516 860; x_wconf 89' lang='lat' dir='ltr'>et</span> <span class='ocrx_word' id='word_1_55' title='bbox 532 818 804 871; x_wconf 80' lang='lat' dir='ltr'>judicandum</span> <span class='ocrx_word' id='word_1_56' title='bbox 832 817 1061 870; x_wconf 81' lang='lat' dir='ltr'>profuisse.</span> <span class='ocrx_word' id='word_1_57' title='bbox 1100 819 1292 861; x_wconf 85' lang='lat' dir='ltr'>Alterum</span> <span class='ocrx_word' id='word_1_58' title='bbox 1322 830 1387 861; x_wconf 71' lang='lat' dir='ltr'>cst</span> 
     </span>
     <span class='ocr_line' id='line_1_9' title="bbox 162 895 1388 950; baseline -0.002 -10"><span class='ocrx_word' id='word_1_59' title='bbox 162 909 332 940; x_wconf 82' lang='lat' dir='ltr'>recens:</span> <span class='ocrx_word' id='word_1_60' title='bbox 365 896 482 949; x_wconf 82' lang='lat' dir='ltr'>quod</span> <span class='ocrx_word' id='word_1_61' title='bbox 508 895 594 938; x_wconf 85' lang='lat' dir='ltr'>dira</span> <span class='ocrx_word' id='word_1_62' title='bbox 620 895 688 936; x_wconf 86' lang='lat' dir='ltr'>illa</span> <span class='ocrx_word' id='word_1_63' title='bbox 713 906 751 936; x_wconf 87' lang='lat' dir='ltr'>et</span> <span class='ocrx_word' id='word_1_64' title='bbox 773 895 990 938; x_wconf 86' lang='lat' dir='ltr'>horribilis</span> <span class='ocrx_word' id='word_1_65' title='bbox 1010 896 1140 950; x_wconf 82' lang='lat' dir='ltr'><strong>hujus</strong></span> <span class='ocrx_word' id='word_1_66' title='bbox 1160 896 1280 938; x_wconf 90' lang='lat' dir='ltr'>urbis</span> <span class='ocrx_word' id='word_1_67' title='bbox 1303 896 1388 938; x_wconf 83' lang='lat' dir='ltr'>cla-</span> 
     </span>
     <span class='ocr_line' id='line_1_10' title="bbox 166 961 1393 1024; baseline -0.001 -11"><span class='ocrx_word' id='word_1_68' title='bbox 166 972 236 1014; x_wconf 89' lang='lat' dir='ltr'>des</span> <span class='ocrx_word' id='word_1_69' title='bbox 269 980 309 1013; x_wconf 90' lang='lat' dir='ltr'>et</span> <span class='ocrx_word' id='word_1_70' title='bbox 334 971 483 1022; x_wconf 84' lang='lat' dir='ltr'>ruina,</span> <span class='ocrx_word' id='word_1_71' title='bbox 515 969 581 1011; x_wconf 83' lang='lat' dir='ltr'>die</span> <span class='ocrx_word' id='word_1_72' title='bbox 615 981 683 1011; x_wconf 78' lang='lat' dir='ltr'>XII</span> <span class='ocrx_word' id='word_1_73' title='bbox 710 968 926 1023; x_wconf 69' lang='lat' dir='ltr'>Januarfi,</span> <span class='ocrx_word' id='word_1_74' title='bbox 961 970 1003 1012; x_wconf 87' lang='lat' dir='ltr'>in</span> <span class='ocrx_word' id='word_1_75' title='bbox 1040 981 1253 1024; x_wconf 80' lang='lat' dir='ltr'><strong>praesente</strong></span> <span class='ocrx_word' id='word_1_76' title='bbox 1278 961 1393 1015; x_wconf 78' lang='lat' dir='ltr'>vitae</span> 
     </span>
     <span class='ocr_line' id='line_1_11' title="bbox 168 1049 1388 1105; baseline 0.002 -14"><span class='ocrx_word' id='word_1_77' title='bbox 168 1049 358 1105; x_wconf 87' lang='lat' dir='ltr'>periculo</span> <span class='ocrx_word' id='word_1_78' title='bbox 384 1062 470 1095; x_wconf 85' lang='lat' dir='ltr'>non</span> <span class='ocrx_word' id='word_1_79' title='bbox 497 1049 580 1092; x_wconf 90' lang='lat' dir='ltr'>nisi</span> <span class='ocrx_word' id='word_1_80' title='bbox 605 1059 792 1093; x_wconf 79' lang='lat' dir='ltr'>externas</span> <span class='ocrx_word' id='word_1_81' title='bbox 823 1061 885 1092; x_wconf 83' lang='lat' dir='ltr'>res</span> <span class='ocrx_word' id='word_1_82' title='bbox 925 1060 1091 1094; x_wconf 86' lang='lat' dir='ltr'>nostras</span> <span class='ocrx_word' id='word_1_83' title='bbox 1127 1052 1293 1105; x_wconf 82' lang='lat' dir='ltr'>tetigit,</span> <span class='ocrx_word' id='word_1_84' title='bbox 1326 1053 1388 1094; x_wconf 60' lang='lat' dir='ltr'>ine</span> 
     </span>
     <span class='ocr_line' id='line_1_12' title="bbox 167 1125 1390 1187; baseline -0.002 -18"><span class='ocrx_word' id='word_1_85' title='bbox 167 1135 336 1179; x_wconf 86' lang='lat' dir='ltr'>ternas,</span> <span class='ocrx_word' id='word_1_86' title='bbox 367 1126 410 1167; x_wconf 86' lang='lat' dir='ltr'>id</span> <span class='ocrx_word' id='word_1_87' title='bbox 435 1138 530 1179; x_wconf 81' lang='lat' dir='ltr'>est,</span> <span class='ocrx_word' id='word_1_88' title='bbox 561 1128 744 1169; x_wconf 83' lang='lat' dir='ltr'>animum</span> <span class='ocrx_word' id='word_1_89' title='bbox 782 1136 823 1168; x_wconf 89' lang='lat' dir='ltr'>et</span> <span class='ocrx_word' id='word_1_90' title='bbox 844 1138 1035 1187; x_wconf 65' lang='lat' dir='ltr'>corpus,⁴</span> <span class='ocrx_word' id='word_1_91' title='bbox 1067 1139 1188 1169; x_wconf 83' lang='lat' dir='ltr'>sanas</span> <span class='ocrx_word' id='word_1_92' title='bbox 1225 1125 1390 1168; x_wconf 83' lang='lat' dir='ltr'>incolu-</span> 
     </span>
     <span class='ocr_line' id='line_1_13' title="bbox 172 1203 1391 1258; baseline 0 -14"><span class='ocrx_word' id='word_1_93' title='bbox 172 1215 345 1255; x_wconf 77' lang='lat' dir='ltr'>mesque</span> <span class='ocrx_word' id='word_1_94' title='bbox 371 1203 558 1256; x_wconf 82' lang='lat' dir='ltr'>reliquit.</span> <span class='ocrx_word' id='word_1_95' title='bbox 604 1204 732 1258; x_wconf 83' lang='lat' dir='ltr'>Quod</span> <span class='ocrx_word' id='word_1_96' title='bbox 763 1215 874 1246; x_wconf 80' lang='lat' dir='ltr'>nunc</span> <span class='ocrx_word' id='word_1_97' title='bbox 900 1216 922 1246; x_wconf 86' lang='lat' dir='ltr'>a</span> <span class='ocrx_word' id='word_1_98' title='bbox 946 1205 1073 1248; x_wconf 86' lang='lat' dir='ltr'>nobis</span> <span class='ocrx_word' id='word_1_99' title='bbox 1098 1204 1299 1257; x_wconf 77' lang='lat' dir='ltr'>religione</span> <span class='ocrx_word' id='word_1_100' title='bbox 1321 1206 1391 1245; x_wconf 78' lang='lat' dir='ltr'>de-</span> 
     </span>
     <span class='ocr_line' id='line_1_14' title="bbox 170 1277 1394 1334; baseline 0 -12"><span class='ocrx_word' id='word_1_101' title='bbox 170 1277 450 1333; x_wconf 83' lang='lat' dir='ltr'>fungentibus</span> <span class='ocrx_word' id='word_1_102' title='bbox 493 1279 675 1321; x_wconf 83' lang='lat' dir='ltr'>breviter</span> <span class='ocrx_word' id='word_1_103' title='bbox 714 1280 1029 1334; x_wconf 70' lang='lat' dir='ltr'>significatum,</span> <span class='ocrx_word' id='word_1_104' title='bbox 1085 1279 1269 1324; x_wconf 83' lang='lat' dir='ltr'>fortasse</span> <span class='ocrx_word' id='word_1_105' title='bbox 1310 1280 1394 1322; x_wconf 84' lang='lat' dir='ltr'>alio</span> 
     </span>
     <span class='ocr_line' id='line_1_15' title="bbox 172 1355 1075 1407; baseline 0.004 -12"><span class='ocrx_word' id='word_1_106' title='bbox 172 1362 361 1407; x_wconf 85' lang='lat' dir='ltr'>tempore</span> <span class='ocrx_word' id='word_1_107' title='bbox 380 1355 577 1397; x_wconf 85' lang='lat' dir='ltr'>disertius</span> <span class='ocrx_word' id='word_1_108' title='bbox 598 1355 895 1399; x_wconf 82' lang='lat' dir='ltr'>declarabit-ur.</span> <span class='ocrx_word' id='word_1_109' title='bbox 1071 1400 1075 1405; x_wconf 76' lang='grc'>,</span> 
     </span>
    </p>

    <p class='ocr_par' dir='ltr' id='par_1_3' title="bbox 171 1429 1396 1554">
     <span class='ocr_line' id='line_1_16' title="bbox 244 1429 1396 1486; baseline 0.003 -16"><span class='ocrx_word' id='word_1_110' title='bbox 244 1429 405 1483; x_wconf 87' lang='lat' dir='ltr'>Scripsi</span> <span class='ocrx_word' id='word_1_111' title='bbox 450 1430 654 1486; x_wconf 77' lang='lat' dir='ltr'>Lugduni</span> <span class='ocrx_word' id='word_1_112' title='bbox 698 1430 955 1475; x_wconf 72' lang='lat' dir='ltr'>Batavomm</span> <span class='ocrx_word' id='word_1_113' title='bbox 996 1430 1039 1474; x_wconf 76' lang='lat' dir='ltr'>d.</span> <span class='ocrx_word' id='word_1_114' title='bbox 1086 1443 1167 1474; x_wconf 78' lang='lat' dir='ltr'>xxx</span> <span class='ocrx_word' id='word_1_115' title='bbox 1208 1430 1312 1485; x_wconf 82' lang='lat' dir='ltr'>Julii</span> <span class='ocrx_word' id='word_1_116' title='bbox 1356 1442 1396 1479; x_wconf 80' lang='lat' dir='ltr'>a.</span> 
     </span>
     <span class='ocr_line' id='line_1_17' title="bbox 171 1509 428 1554; baseline 0.008 -5"><span class='ocrx_word' id='word_1_117' title='bbox 171 1509 428 1554; x_wconf 69' lang='lat' dir='ltr'>nnccevn.</span> 
     </span>
    </p>
   </div>
  </div>
 </body>
</html>
