1693 3110
324 156 403 200 DE
431 153 948 200 IMMORTALITATE
977 155 1171 199 ANIMI.
1283 158 1363 200 601

151 287 254 317 cum
281 288 422 319 eorum
442 308 458 330 ‚
489 288 577 320 tum
605 278 799 320 Philonis
823 278 1068 321 sententiam
1093 291 1141 320 ex
1162 278 1367 322 Cicerone
1388 290 1475 321 sect.
1499 289 1542 332 v,

156 352 322 404 plenius
347 353 654 408 intelligemus:
693 354 744 396 de
767 366 854 407 quo
883 353 992 402 infra
1019 355 1284 408 peculiariter
1306 354 1369 396 di·
1388 334 1594 382 A⁶³d²¹¹¹¹⁶¹⁹

160 428 337 470 cendum
362 429 455 474 erit.

494 579 524 624 S
581 580 619 623 E
679 580 716 623 C
777 578 832 622 Τ.
929 579 971 621 V
999 579 1037 622 Ι.

589 732 658 774 Dc
688 731 941 781 Aristotcle-

212 881 432 924 Proximus
469 882 636 926 Platoni
676 891 808 924 aetate
849 890 977 934 atque
1012 882 1265 924 auctoritate
1287 879 1555 944 fuitseqt.v1.

157 969 382 1000 aRrsro
399 971 428 999 T
446 969 511 1000 ΕΙ,
529 971 552 999 e
569 970 618 1008 s;
653 959 725 1010 qui
760 967 896 998 utrum
935 959 1128 999 Animam
1159 959 1374 1000 immorta-
1392 940 1602 972 ⁶¹¹⁵‘⁰‘²¹⁰⁵⁴

159 1030 240 1073 lem
275 1045 327 1073 an
362 1034 578 1074 mortalem
609 1034 835 1082 statuerit,
876 1032 1095 1074 acerrimae
1135 1033 1372 1084 antiquitus

157 1105 332 1148 fuerunt
351 1106 706 1160 Philosophorum
733 1106 1035 1151 dissensiones.
1089 1106 1220 1161 Quod
1242 1106 1277 1147 si
1303 1118 1375 1152 ve·

152 1192 244 1222 rum
272 1192 410 1233 esset,
442 1182 558 1234 quod
593 1181 790 1235 pluribus
823 1180 931 1222 locis
957 1182 1063 1224 dixit
1089 1181 1243 1223 Cicero
1264 1212 1278 1232 ‚
1309 1180 1373 1223 nil

155 1255 413 1298 differentiae
437 1256 570 1298 fuisse
589 1257 696 1298 inter
713 1256 883 1297 Veteres
903 1256 1178 1298 Academicos
1202 1266 1242 1302 et
1261 1256 1372 1298 Peri-

157 1330 364 1383 pateticos
396 1332 631 1384 (Academ.
655 1331 689 1375 1.
723 1345 764 1383 9.
796 1330 920 1372 Offic.
938 1331 1014 1374 lli.
1036 1337 1144 1385 4233
1176 1344 1261 1373 non
1286 1341 1372 1374 erat

160 1406 277 1457 quod
301 1406 405 1448 hanc
434 1407 724 1459 quaestIOnem
754 1418 1027 1449 moraremur.
1086 1406 1216 1447 Nunc
1249 1407 1372 1454 Cice,-

154 1481 270 1530 ronis
294 1480 501 1532 judicium
536 1482 644 1523 valet
679 1482 977 1527 tantummodo
1013 1481 1064 1523 de
1098 1481 1298 1523 methodo
1330 1491 1371 1523 et

153 1556 404 1608 quibusdam
429 1555 640 1610 capitibus
666 1557 891 1608 utriusque
913 1565 1064 1600 sectae.
1126 1555 1276 1618 Neque
1300 1569 1371 1598 ne-

154 1631 244 1685 gari
279 1639 420 1684 potest
447 1663 461 1684 ,
516 1631 788 1675 Aristotelem
824 1644 846 1673 a
882 1631 1057 1675 Platone
1092 1632 1368 1685 dissensisse,

151 1719 251 1749 eum
290 1708 384 1758 aliis
423 1707 568 1748 multis
608 1708 744 1759 locis,
775 1717 864 1754 tum
900 1708 950 1749 de
986 1708 1162 1749 Animae
1199 1708 1365 1749 natura.

153 1782 308 1826 Utrum
331 1784 380 1825 de
415 1783 727 1833 lminortalitate
749 1795 921 1836 quoque
943 1783 993 1824 ab
1019 1795 1068 1825 eo
1093 1782 1366 1833 dissenserit,

147 1859 231 1913 jam
256 1858 381 1900 nobis
405 1859 628 1903 videndum
663 1869 744 1909 est.
805 1859 1014 1910 Equidem
1051 1858 1126 1909 hac
1153 1857 1367 1911 quaestio-

143 1947 199 1992 rie
225 1936 284 1976 ita
306 1934 478 1988 defungi
503 1945 720 1986 poteram,
744 1942 790 1974 ut
816 1934 1047 1975 secundum
1077 1947 1151 1976 eos
1175 1946 1364 1986 pronun-

148 2010 329 2063 tiarem,
360 2012 434 2063 qui
462 2010 694 2063 novissima
729 2019 857 2051 aetate
888 2021 974 2051 eam
1014 2010 1267 2065 tetigerunt,
1301 2013 1368 2053 vel

149 2086 378 2132 secundum
403 2085 714 2131 Cudworthum
744 2086 920 2141 ejusque
952 2089 1214 2138 interpretem
1244 2086 1369 2128 Mos-

146 2160 329 2203 hemium
374 2159 490 2213 Syst.
532 2159 673 2202 Intell.
724 2159 781 2200 T.
810 2159 843 2202 Ι.
885 2173 932 2212 p.
960 2160 1061 2211 88„
1106 2161 1172 2201 vel
1218 2173 1368 2204 secun-

144 2235 243 2283 dum
265 2247 384 2286 eum,
409 2236 482 2287 qui
507 2235 654 2278 melius
683 2236 726 2276 in
749 2234 824 2275 hac
850 2247 892 2275 re
917 2246 1102 2276 versatus
1124 2244 1216 2287 est,
1237 2234 1367 2276 Bruc-

147 2311 291 2363 kerum
336 2309 448 2353 Hist.
491 2311 599 2358 Crit.
641 2311 745 2352 Phil.
793 2308 848 2361 T.
879 2312 914 2353 Ι.
958 2323 1003 2363 p.
1040 2310 1133 2362 824.
1210 2313 1364 2353 Verum

142 2388 251 2433 enim
286 2385 329 2427 in
365 2386 572 2438 ejusmodi
602 2386 938 2438 Disputatione‚
973 2397 1076 2437 quae
1098 2386 1147 2427 ad
1171 2385 1262 2427 Vos
1287 2385 1363 2437 fit,

144 2459 435 2513 Doctissimos
458 2459 628 2516 Judices
644 2492 658 2514 ‚
686 2461 764 2502 hoc
788 2473 810 2501 a
838 2473 900 2503 me
922 2460 1134 2515 postulari
1156 2461 1365 2512 arbitror,

701 2535 774 2598 Pe
804 2534 832 2600 5'
1279 2545 1365 2583 non
