1693 3110
403 190 481 236 DE
512 170 1040 234 lMMOR‘mLtTATE
1071 188 1264 234 ANtMr.
1361 186 1444 233 661

544 545 1131 594 CONCLUSIO.

285 700 447 755 Igitur,
490 701 741 748 Doctissimi
777 700 897 752 Viri,
939 701 1130 759 apparuit
1166 712 1307 744 verum
1344 711 1434 743 esse

233 780 349 830 quod
395 778 444 819 ab
483 777 604 819 initio
642 777 755 829 dixi,
794 777 1082 830 philosophos
1119 775 1349 830 profecisse
1391 777 1434 825 in

227 869 313 898 eam
345 858 510 910 quidem
540 868 696 910 partem
716 888 730 908 ‚
764 866 810 897 ut
836 856 1088 907 efficeretur,
1115 856 1316 898 Animum
1342 865 1442 911 post

225 932 434 984 Corporis
461 944 637 974 mortem
665 943 895 983 remanere3
930 930 1066 982 qualis
1098 940 1231 971 autem
1267 931 1324 971 sit
1360 939 1444 971 sta—

226 1014 296 1047 tus
323 1018 362 1048 et
389 1009 579 1050 conditio
607 1009 753 1049 Animi
780 1020 801 1048 a
825 1006 1017 1059 Corpore
1049 1005 1208 1056 soluti,
1240 1014 1443 1046 tentatum

227 1082 277 1123 ab
319 1082 400 1133 iis,
432 1096 516 1125 non
553 1084 649 1125 item
688 1092 936 1134 ostensum,
968 1093 1075 1124 esse.
1145 1081 1211 1122 Ex
1243 1080 1440 1122 omnibus

222 1166 360 1197 autem
426 1158 614 1209 patronis
660 1157 992 1206 Immortalitatis
1037 1154 1218 1208 plurima
1262 1155 1442 1206 protulit

221 1244 462 1284 argumenta
496 1235 639 1277 Plato:
686 1248 707 1276 a
745 1247 832 1285 quo
875 1232 1089 1276 secundus
1133 1231 1273 1271 haberi
1321 1231 1444 1272 debet

221 1306 401 1357 Cicero,
444 1307 669 1359 deperditis
720 1308 888 1358 quidem
942 1306 1112 1357 scriptis
1156 1305 1444 1357 Philosopho-

221 1393 310 1424 rum
345 1382 603 1434 reliquorum
645 1384 810 1425 Veteris
840 1381 1113 1432 Academiae,
1144 1382 1276 1421 veluti
1302 1384 1444 1423 Xeno-

225 1458 378 1507 cratis,
412 1458 660 1508 Crantoris,
695 1469 734 1498 et
766 1457 996 1508 similium,
1031 1456 1107 1508 qui
1135 1457 1318 1498 Platonis
1344 1469 1443 1499 sen-

217 1534 387 1574 tentiam
440 1534 612 1574 uberius
664 1534 973 1584 explicuerunt.
1042 1534 1297 1586 Argumenta
1340 1547 1439 1576 vero

218 1612 402 1664 duplicis
430 1613 591 1665 generis
618 1611 814 1656 fuerunt:
849 1614 916 1654 vel
947 1626 968 1654 a
992 1615 1186 1670 praemiis
1215 1626 1255 1656 et
1289 1617 1438 1670 poenis

216 1699 319 1741 post
353 1688 455 1729 hanc
488 1691 614 1729 vitam
649 1689 864 1741 desumat,
898 1702 1000 1742 quae
1037 1691 1119 1743 jam
1161 1703 1254 1733 ante
1287 1693 1440 1734 Thale-

219 1775 299 1805 tem
328 1764 496 1806 fuerunt
526 1766 690 1817 quidem
710 1797 723 1817 ,
748 1779 822 1807 nec
850 1778 983 1809 tamen
1007 1768 1258 1822 perspicue,
1287 1780 1439 1817 tracta·

217 1847 284 1883 ta:
319 1839 382 1879 vel
419 1851 466 1882 ex
503 1840 596 1892 ipsa
626 1844 774 1884 naturai
796 1842 939 1884 Animi
979 1844 1186 1898 repetita,
1218 1858 1322 1898 quae
1342 1848 1438 1889 inde

219 1918 385 1960 demum
414 1918 583 1960 inventa
608 1930 723 1962 sunt.
788 1923 898 1971 Iam,
930 1930 977 1962 ut
1015 1922 1064 1971 de
1096 1923 1282 1966 Platonis
1314 1939 1436 1981 argu-

215 1994 368 2037 mentis
405 1995 505 2037 satis
542 2008 622 2038 suo
652 1998 749 2038 loco
786 1997 946 2038 dictum
969 2008 1071 2050 ‚est‚
1104 1999 1298 2042 universe
1315 2011 1437 2046 note.

213 2082 338 2121 mus,
379 2083 562 2123 omnes,
613 2072 685 2123 qui
739 2072 937 2114 Animum
986 2073 1168 2127 Corpori
1214 2075 1435 2129 superesse

217 2155 478 2198 statuerent,
521 2147 564 2188 in
610 2147 676 2187 his
726 2146 809 2189 sere
859 2149 1094 2191 rationibus
1139 2154 1429 2205 consensisset¹

214 2230 307 2259 eum
345 2231 435 2260 esse
471 2221 535 2261 vel
577 2222 821 2274 participem
847 2221 1024 2274 Divinae
1053 2232 1223 2275 naturae
1248 2226 1313 2267 vel
1337 2240 1431 2279 par-

214 2301 294 2332 tem
326 2292 463 2345 ipsius
486 2294 589 2347 Dei,
623 2306 842 2349 propterea
866 2298 980 2350 quod
1006 2299 1218 2352 cogitandi
1244 2304 1286 2343 vi
1315 2315 1430 2355 prae.

218 2369 332 2413 ditus
355 2379 490 2422 esset,
522 2381 560 2412 et
588 2372 840 2426 principium
868 2387 1035 2422 suarum
1064 2378 1275 2421 actionum
1314 2380 1354 2428 in
1386 2393 1431 2430 se

218 2442 311 2502 ipse
340 2443 532 2497 haberetg
568 2448 696 2500 igitur
732 2462 823 2491 eum
862 2451 1070 2504 Corporis
1100 2441 1230 2497 niorte
1254 2468 1338 2498 non
1360 2458 1430 2499 de-

214 2518 348 2572 strui,
381 2521 453 2563 sed
478 2523 542 2565 vel
570 2537 731 2580 semper
757 2539 946 2579 manere,
980 2531 1097 2582 quod
1135 2531 1429 2587 Pythagoricis

849 2603 919 2645 Tt
949 2616 974 2657 3
1388 2618 1430 2651 et
