1693 3110
250 199 307 249 38
553 170 1103 237 ‘EPISTOLA

255 332 390 373 quens
413 316 496 359 fuit
531 316 670 361 Plato.
729 310 856 354 Hunc
884 314 1017 355 multa
1054 324 1076 353 e
1103 312 1315 365 prioribus
1346 327 1464 360 sum-.-

252 402 390 453 5isse,
421 399 537 439 nulla
560 406 702 436 eorum
722 394 832 435 facta
857 393 1095 445 mentione,
1125 406 1212 437 non
1234 396 1372 438 solum
1396 406 1461 439 est

250 475 489 532 probabilis
515 474 783 525 conjectura,
814 468 886 511 sed
917 479 1030 510 certa
1063 475 1128 510 res·
1158 471 1303 512 multis
1328 471 1461 512 doen-³

253 553 405 595 mentis
439 561 485 592 ac
520 548 704 590 testibus
742 546 1000 589 confirmata.
1069 545 1186 598 Ergo
1221 547 1326 589 ratio
1360 547 1460 591 duci

250 630 371 672 debet
394 627 570 680 diligens
604 625 790 678 priorum
825 622 1112 676 Scriptorum:
1146 636 1241 664 cum
1267 623 1463 676 philoso-

246 708 429 761 phorum
448 735 462 756 ‚
493 714 569 744 nec
595 701 721 744 modo
744 712 916 751 eorum,
935 699 1007 751 qui
1031 709 1294 742 resensentur
1313 713 1335 742 a
1359 701 1460 744 Dio-.

250 795 354 837 gene
377 779 578 829 Laertio,
621 777 693 818 sed
727 776 903 817 aliorum
931 774 980 815 ab
1007 773 1238 817 Aristotele
1261 786 1464 817 memora-2-

250 868 388 901 torum
404 887 419 908 ,
450 855 493 897 in
517 854 665 907 primis
687 863 828 893 eorum
854 850 926 902 qui
952 852 1133 892 carmina
1162 851 1457 904 scripserunt,

249 932 553 987 Xenophanis‚
589 929 874 979 Parmenidis‚
912 928 1210 980 Empedoclis,
1251 928 1459 981 Epichar-

248 1015 305 1058 mi
321 1028 335 1059 ε,
370 1022 455 1055 tum
478 1022 578 1052 vero
593 1038 608 1059 ‚
638 1005 952 1049 Historicorum
967 1034 982 1056 ,
1005 1004 1298 1057 Sophistarum
1315 1036 1328 1057 ‚
1353 1007 1460 1048 Ora-

247 1101 415 1140 torum‚
457 1087 719 1136 aliorumque
768 1081 975 1124 omnium.
1049 1081 1129 1122 Sed
1162 1083 1458 1134 plerorumque-

249 1179 379 1221 quum
416 1163 513 1206 libri
550 1161 776 1214 perierint,
817 1170 892 1201 nec
928 1157 1010 1199 nisi
1045 1157 1157 1199 leves
1192 1157 1391 1209 reliquiae
1414 1158 1459 1201 in

246 1246 421 1291 aliorum
448 1241 618 1294 scriptis
655 1250 821 1290 sparsae
850 1237 1031 1288 lateant3
1066 1236 1139 1277 has
1167 1235 1256 1288 ipse
1278 1237 1459 1289 quisque

245 1319 494 1362 interiorum
541 1315 775 1356 Literarum
824 1312 1045 1356 studiosus
1083 1312 1274 1365 colliget.
1342 1313 1456 1354 Nam

242 1405 358 1449 'quae
381 1395 517 1436 adhuc
543 1402 642 1434 sunt
663 1392 890 1442 collectae,
920 1399 960 1430 et
982 1401 1138 1442 paucae
1169 1399 1270 1431 sunt
1297 1399 1337 1431 et
1355 1403 1461 1442 pau-

243 1471 542 1515 cissimorum:
578 1478 617 1508 et
641 1467 712 1519 qui
740 1467 816 1508 hac
841 1467 961 1507 laude
988 1466 1029 1506 in
1059 1466 1205 1519 primis
1241 1466 1375 1508 fertur
1409 1467 1461 1508 li-

247 1550 386 1591 bellus
428 1545 490 1588 H.
533 1545 768 1597 Stephani,
809 1543 948 1584 Paesis
980 1542 1274 1598 Philosopkica
1307 1543 1461 1585 inseri.

243 1637 346 1684 ptus
367 1657 382 1678 ‚
413 1636 457 1666 ut
483 1624 736 1671 inchoatus,
768 1620 903 1660 eadem
931 1619 1091 1660 laborat
1131 1619 1298 1671 inopia:
1335 1632 1459 1671 quem

245 1714 296 1746 nt
323 1701 478 1754 aliquis
500 1702 652 1742 doctus
675 1698 803 1739 homo
829 1705 974 1748 augeat
995 1695 1168 1746 suisque
1186 1695 1369 1736 numeris
1389 1708 1458 1737 ex-³

242 1784 383 1836 pleat,
415 1788 453 1819 et
478 1776 651 1819 omnino
687 1785 733 1813 ut
769 1770 956 1812 omnium
989 1770 1242 1821 perditorum
1268 1770 1461 1823 Scripto-

243 1869 335 1899 rum
369 1853 568 1905 reliquiae
598 1858 903 1901 congerantur,
947 1856 987 1887 et
1019 1846 1097 1886 sub
1131 1857 1212 1887 suo
1244 1848 1456 1900 cujusque

242 1933 412 1978 nomine
446 1930 629 1983 digestae
651 1925 906 1976 sumentur,
936 1921 1195 1962 vehementer
1227 1931 1452 1975 optamus;

247 2022 335 2062 quo
357 2005 523 2047 facilior
544 2001 860 2054 expeditiorque
881 1997 1073 2041 reddatur
1096 1996 1278 2040 fontium
1306 1999 1453 2052 cogni-

243 2085 337 2134 tio,
369 2083 459 2124 siue
490 2093 571 2132 qua
606 2077 741 2120 omnis
769 2073 1064 2128 interpretandi
1101 2073 1218 2115 labor
1251 2085 1387 2115 vanus
1411 2083 1454 2115 et

243 2161 380 2206 inanis
402 2167 482 2200 est.
545 2156 761 2198 Caeterum
786 2154 826 2194 in
850 2151 900 2192 iis
916 2181 930 2203 ‚
952 2162 1055 2203 quae
1079 2159 1243 2190 exstant
1267 2150 1453 2203 integra,

245 2235 448 2287 scriptis,
480 2241 644 2285 promta
668 2243 713 2271 ac
739 2239 907 2282 parata,
939 2236 1046 2268 certe.
1073 2225 1211 2266 minus
1242 2225 1452 2277 difficilis,

246 2321 311 2353 est
348 2309 603 2353 observatio.
674 2306 919 2347 Homericae
947 2304 1111 2356 quidem
1147 2314 1186 2344 et
1223 2303 1454 2351 Hesiodeae

244 2386 500 2430 imitationes
525 2384 678 2434 cuique
701 2384 912 2424 Platonem
940 2381 1089 2435 legenti
1114 2390 1262 2433 sponte
1283 2380 1324 2422 in
1351 2393 1452 2423 ocu-

243 2466 310 2511 los
339 2464 583 2505 incurrunt:
619 2460 718 2500 aliae
744 2458 874 2511 magis
908 2458 1064 2507 latent,
1095 2455 1225 2497 veluti
1251 2468 1298 2496 ex
1323 2454 1448 2506 Lyri-

243 2539 332 2592 eis>S
365 2536 587 2591 Tragicis‚
620 2534 841 2588 Comicis„
872 2543 1113 2593 expressae,
1169 2529 1373 2587 Equidem
1405 2528 1447 2570 in

1372 2603 1453 2649 hoe
