1693 3110
362 200 422 243 G.
462 199 520 244 L.
565 196 1091 244 WASSENAERII.
1263 212 1338 255 31¹

181 322 424 364 Redeamus
449 321 499 363 ad
532 319 871 362 Wassenaerium
895 330 1105 364 nostrum.
1165 321 1339 366 Tertius

129 398 204 441 hic
238 410 370 440 annus
395 406 491 446 est,
524 406 654 448 quum
687 395 867 447 primum
898 397 950 438 ad
976 409 1042 438 me
1067 398 1234 439 domum
1269 410 1342 440 ve-

135 472 228 524 nit,
271 473 502 514 auditorem
539 482 585 511 se
620 468 910 522 professurus.
972 471 1039 513 Ibi
1073 483 1162 514 tum
1192 470 1364 526 sponte*

133 547 179 589 in
197 559 246 590 eo
269 548 406 589 eluxit
429 547 534 588 illud
550 549 756 589 incoctum
771 553 970 601 generoso
984 558 1130 605 pectus
1151 550 1346 603 honesto,

136 623 254 676 quod
289 623 442 665 studiis
481 635 567 665 non
600 624 895 676 pervulgatum
935 623 1102 678 insigne
1139 626 1344 677 honoris,
1380 634 1384 657 ἰ

133 696 206 738 sed
238 708 378 738 verum
419 697 618 740 honorem
657 698 922 751 debitamque
951 699 1112 740 meritis
1138 701 1342 753 gloriam,

134 773 453 826 doctrinamque
471 786 568 816 non>
581 784 752 828 propter
767 778 1049 818 emolumenta
1066 776 1099 830 ej
1108 789 1154 819 us
1170 786 1210 818 et
1230 789 1349 830 prae·

135 849 220 893 mia
243 880 258 901 ,
295 851 370 892 sed
410 850 543 903 ipsam
587 861 760 904 propter
801 850 942 906 ipsius
977 853 1105 895 decus
1139 864 1186 894 ac
1229 865 1348 906 prae·

135 930 330 972 stantiam
357 940 589 984 appeteret.
639 929 825 983 Ingenue
849 929 1073 971 affirmabat
1088 959 1103 982 ,
1125 941 1171 972 se
1190 942 1262 982 per
1284 942 1356 971 ac·

135 1016 320 1048 curatam
355 1006 591 1049 Literarum
631 1007 918 1060 cognitionem
962 1006 1015 1048 ad
1046 1005 1353 1060 Jurispruden·

134 1081 234 1123 tiam
258 1091 298 1123 et
321 1082 486 1123 civilem
521 1081 722 1124 rationem
756 1082 1022 1123 contendere.
1084 1080 1291 1132 proposui
1315 1078 1355 1119 ei

139 1166 352 1197 aeternum
388 1156 534 1197 Batavi
571 1156 758 1197 nominis
798 1164 1085 1197 ornamentum
1126 1155 1354 1207 Hugonem

136 1231 366 1275 Grotium=
411 1232 625 1286 depromsi
658 1233 749 1286 eJ'us
784 1232 1062 1273 immortalem
1101 1231 1254 1273 librum
1291 1234 1357 1274 De

132 1308 234 1364 Jure
255 1307 358 1349 Belli
386 1317 427 1349 et
458 1309 615 1360 Pacis,¹
640 1307 804 1350 ostendi
831 1310 973 1351 omnia
1003 1320 1052 1350 ex
1076 1308 1250 1351 Graecis
1274 1309 1358 1351 La-

138 1384 325 1436 tinisque
361 1383 559 1427 fontibus
598 1385 776 1436 hausta,
807 1393 848 1427 et
879 1395 1096 1438 praecepta
1119 1387 1170 1426 ad
1203 1387 1358 1427 docen-

139 1462 239 1505 dum
259 1492 275 1512 ,
317 1471 358 1504 et
392 1471 636 1515 argumenta
678 1461 731 1503 ad
761 1460 1057 1514 probandum,
1100 1471 1140 1503 et
1171 1463 1360 1514 exempla

140 1539 194 1581 ad
230 1539 545 1579 illustrandum.
608 1536 683 1580 llle
719 1535 873 1577 librum
909 1538 1099 1588 evolvit,
1140 1538 1383 1589 inspexit,-

139 1624 182 1656 et
217 1614 377 1668 ingenti
410 1625 640 1666 percussus
688 1612 993 1665 admiratione,
1043 1614 1359 1657 vehementiore

140 1692 263 1734 etiam
297 1703 422 1744 quam
454 1699 571 1731 antea
603 1689 839 1731 Literarum
867 1702 1007 1732 amore
1037 1691 1237 1733 incensus
1270 1701 1354 1734 est.
1382 1706 1383 1709 ¹

140 1769 252 1812 Mox
286 1770 332 1810 in
363 1768 534 1810 scholas
567 1767 811 1818 ventitans,
840 1767 924 1820 J‘arn
950 1767 1077 1809 tertio
1100 1779 1240 1809 mense
1263 1778 1381 1810 tan--

138 1856 230 1888 tum
271 1844 482 1899 profecit,
514 1853 563 1886 ut
595 1844 701 1886 inter
724 1844 942 1896 principes
969 1854 1188 1886 veteranos
1215 1846 1358 1886 eluce-

139 1931 218 1963 ret.
281 1918 374 1960 Nec
401 1917 575 1959 mirum!
603 1919 680 1958 tria
701 1918 772 1958 illa
793 1918 831 1958 ei
853 1918 1020 1960 aderant
1041 1920 1231 1962 discendi
1253 1922 1356 1962 snb-

143 1996 274 2038 sidia:
309 1996 360 2036 ad
387 2003 577 2036 naturam
607 2005 646 2034 et
672 1993 985 2036 institutionem
1011 1995 1222 2038 adferebat
1244 2009 1359 2039 exer-

141 2073 385 2114 citationem
419 2070 682 2123 repetitionis
717 2070 886 2112 iteratae
915 2073 1081 2115 cumin
1105 2074 1381 2116 meditandis}

144 2148 336 2199 scholis,
366 2156 457 2188 tum
486 2147 530 2188 in
564 2147 752 2200 legendis
777 2148 1026 2191 auctoribus
1058 2150 1274 2203 antiquis,
1303 2152 1382 2193 ad*

143 2236 234 2267 eam
271 2224 501 2274 rationem,
547 2236 671 2276 quam
716 2237 843 2277 supra
875 2226 1150 2270 narravimuS.
1198 2223 1280 2270 'Et
1311 2218 1383 2271 int

145 2300 394 2342 auctoribus
431 2300 509 2342 rite
542 2312 668 2343 orsus
701 2303 752 2342 ab
787 2303 1002 2353 Homero,
1045 2304 1240 2356 deinceps
1269 2300 1364 2345 'He-

145 2377 344 2427 siodum,
375 2376 735 2429 Xenophontem,
767 2387 856 2419 tum
894 2377 1189 2432 Thucydidem
1229 2363 1383 2434 legitt⁷

146 2452 355 2503 aliorum,
389 2465 498 2505 quos
529 2466 629 2496 mox
655 2465 770 2497 totos
796 2467 1052 2499 excussurus
1074 2470 1186 2510 erat,
1218 2469 1357 2511 partes

143 2528 388 2585 praecepit,
430 2527 664 2585 Herodoti,
704 2531 922 2583 Platonis,
961 2534 1204 2589 Plutarchi,
1234 2536 1376 2577 Euri··

793 2606 835 2649 V
862 2620 890 2663 4
1310 2612 1378 2668 pi-
