1693 3110
239 186 325 229 330
517 158 1170 216 PARENTALIA.

244 292 426 341 mentis,
459 297 565 341 quae
587 286 757 339 penitus
781 284 1024 339 ignorabat,
1055 296 1206 339 orsus,
1236 285 1361 329 unius
1382 298 1459 330 an·

243 370 289 412 ni
316 366 454 420 spatio
488 374 652 406 tantum
691 361 902 416 profecit,
935 372 981 404 ut
1009 361 1169 404 nostris
1195 362 1354 405 scholis
1389 366 1455 407 uti

242 451 412 498 posset.
471 441 533 484 Et
567 452 674 482 usus
709 439 762 481 iis
795 448 858 481 est
892 451 967 493 per
1001 439 1348 492 quadriennium,
1379 441 1458 482 ini-

243 518 352 560 tium
388 516 546 559 faciens
577 529 616 560 a.
641 527 904 567 mnccxcv‚
935 514 1027 568 ipse
1057 514 1213 568 viginti
1243 523 1283 555 et
1322 526 1458 559 unum

245 609 381 642 annos
405 604 562 638 natus:
592 605 632 637 et
660 594 790 636 altero
824 594 907 648 iam
941 604 1082 635 mense
1112 591 1308 646 princeps
1337 591 1462 633 soda-

246 673 386 724 lium,
417 682 505 714 non
536 671 638 717 satis
675 670 832 711 habens
869 679 1091 711 commune
1125 678 1299 720 pensum
1331 667 1460 709 devo·

245 761 393 800 rasse,
433 747 651 801 proprium
685 745 933 799 requisivit,
978 757 1065 797 quo
1096 745 1225 786 altius
1258 743 1458 786 evolaret.

245 825 376 880 Legit
414 825 544 879 igitur
579 824 659 866 hoc
697 823 835 877 primo
872 832 913 864 et
956 821 1084 872 altero
1122 821 1318 873 deinceps
1351 833 1465 862 anno

247 906 531 954 Homerum,
555 902 823 952 Hesiodum,
863 898 1158 950 Herodotum,
1204 897 1465 952 Xenophon.

244 994 363 1033 tem,
408 979 730 1033 Thucydidem:
780 989 938 1029 eosque
975 984 1095 1018 totos
1128 984 1169 1016 et
1199 975 1466 1029 grammatica

245 1061 436 1102 ratione:
468 1069 517 1098 ex
552 1055 760 1107 Latinis,
802 1053 1048 1105 Nepotem,
1084 1051 1338 1106 Justinum,
1380 1051 1467 1093 Te-

246 1135 457 1185 rentium,
489 1131 745 1187 Virgilium,
775 1127 1030 1180 Horatium,
1072 1127 1327 1179 Tibullum,
1364 1126 1473 1170 Pro·

247 1211 460 1266 pestium,
493 1218 639 1251 totos:
671 1205 926 1256 Ciceronis,
956 1204 1101 1255 Livii,
1143 1204 1318 1256 Ovidii,
1351 1216 1469 1246 com.

250 1291 395 1344 plures
427 1285 589 1327 libros:
626 1283 682 1325 ita
708 1292 756 1324 ut
777 1282 1024 1324 Latinitatis
1049 1282 1250 1323 rationem
1284 1290 1324 1322 et
1353 1281 1469 1335 judi.

249 1365 363 1408 cium
390 1369 736 1414 consequeretur.
796 1359 928 1416 Quod
959 1367 1120 1402 tantum
1144 1366 1228 1399 erat
1253 1357 1433 1411 spatium
1450 1389 1469 1412 ,

250 1448 453 1492 quantum
499 1446 580 1477 tam
620 1436 738 1477 brevi
776 1443 963 1486 tempore
1003 1431 1211 1475 conficere
1237 1433 1473 1487 discipulo.

249 1528 344 1559 rum
371 1525 556 1556 meorum
580 1511 843 1555 memineram
863 1509 1086 1552 neminem.
1125 1508 1323 1561 Etenim,
1345 1521 1470 1561 quam

251 1594 335 1638 sibi
371 1602 554 1644 cumque
589 1601 674 1631 rem
722 1586 964 1630 discendam
1002 1584 1339 1639 proposuisset,
1383 1599 1472 1629 eam

253 1671 442 1715 celeriter
464 1666 718 1722 arripiebat,
751 1663 925 1706 firmiter
946 1662 1181 1714 retinebat,
1212 1674 1288 1704 nec
1318 1674 1367 1705 ex
1391 1675 1481 1704 ma-

253 1748 382 1792 nibus
418 1743 684 1794 dimittebat,
731 1741 837 1793 quin
872 1739 896 1781 a
929 1737 1143 1791 principio
1179 1738 1231 1779 ad
1263 1738 1387 1779 finem
1410 1747 1476 1780 to·

256 1832 340 1867 tam
371 1829 643 1875 persecutus,
677 1815 937 1868 singularum
970 1814 1093 1854 etiam
1121 1811 1301 1864 partium
1326 1811 1481 1853 intelli-

258 1896 440 1952 gentiam
467 1892 739 1947 percepisset.
786 1890 824 1932 A
850 1887 922 1930 tali
944 1886 1070 1928 initio
1096 1895 1135 1927 ct
1160 1885 1359 1927 facultate
1380 1884 1480 1937 quis

260 1987 349 2018 non
385 1977 670 2024 exspectasset
710 1977 802 2008 eum
841 1977 940 2007 mox
972 1962 1208 2004 Literarum
1243 1961 1480 2015 principem

259 2050 368 2092 fore.
439 2050 498 2090 At
543 2045 634 2088 sine
669 2043 808 2097 ipsius
849 2043 975 2094 culpa
1013 2041 1168 2082 multae
1205 2049 1483 2092 supervenere

258 2138 463 2176 caussae,
496 2135 600 2176 quae
625 2122 667 2163 in
698 2121 844 2162 itinere
871 2119 1070 2160 instituto
1090 2128 1184 2159 eum
1208 2116 1475 2158 retardarent.

259 2203 371 2247 Nam
410 2213 483 2254 per
518 2198 756 2252 proximum
790 2195 1009 2237 biennium
1051 2201 1112 2234 ter
1146 2193 1295 2234 morbo
1318 2192 1485 2233 labora·

263 2281 348 2324 vit:
386 2279 458 2331 qui
487 2288 618 2330 quum
652 2282 769 2318 raros
794 2273 846 2315 ad
869 2271 1010 2314 studia
1048 2270 1207 2312 reditus
1233 2269 1374 2318 daret,
1405 2275 1482 2308 nec

263 2358 336 2404 eos
360 2354 462 2396 satis
490 2363 694 2405 magnos,
725 2362 802 2393 nec
829 2348 938 2391 vires
970 2358 1015 2389 ut
1046 2354 1179 2396 nuper
1203 2353 1321 2396 pares
1346 2341 1486 2396 legen·

266 2422 333 2476 {iis
370 2429 662 2482 Scriptoribus
699 2427 835 2478 totis,
865 2430 1093 2466 contentus
1126 2417 1211 2461 fuit
1243 2430 1316 2471 per
1349 2415 1487 2459 morbi

271 2506 610 2556 intermissiones
645 2505 691 2553 in
729 2502 909 2545 Scholas
941 2507 1175 2550 ventitare,
1207 2493 1352 2548 domi,
1381 2492 1490 2534 lecta

610 2583 612 2585 ’
1428 2578 1492 2610 re·
