1693 3110
356 194 464 242 DE
525 189 967 242 UNITATE
1035 193 1212 248 DEI.
1305 196 1400 258 435⁸

179 306 377 358 futentur
420 320 639 369 op’miones
680 319 852 372 plebis,
904 330 1009 373 quae
1056 319 1171 364 Deos
1219 321 1391 365 colebat

179 392 254 433 eos
270 422 284 441 ,
318 392 392 444 qui
417 393 546 446 vulgo
569 391 824 438 ferebantur.
867 394 1008 437 Altera
1031 408 1128 448 pars
1147 396 1232 438 huc
1259 397 1389 440 redit:

177 469 216 508 si
242 467 389 522 plures
426 470 511 509 sint
548 465 630 508 Dii
653 494 668 518 9
719 483 873 512 necesse
908 484 1018 523 esse,
1061 481 1111 512 ut
1154 484 1244 513 suos
1281 476 1399 527 quis-

178 555 260 597 que
284 541 389 595 fines
420 541 668 599 tramgredi
694 557 774 584 non
790 549 952 599 posst²t;
983 554 1060 588 aut
1082 548 1119 588 si
1154 557 1400 602 transgres-

177 630 247 658 sus
258 619 432 672 fuerit,
458 624 542 661 suis
566 619 752 662 alterum
769 616 923 671 finibus
938 622 1092 674 pellat.
1152 623 1296 675 Atque
1320 623 1402 664 hu-

177 691 251 748 jus
285 695 534 736 dilemmatis
581 695 756 737 alterum
799 695 1061 750 disjunctum
1105 698 1249 749 tollit,
1299 709 1399 741 cum

175 771 398 812 'ostendere
416 779 596 813 conatur
611 800 625 820 ‚
656 773 692 811 si
713 772 940 826 unicuique
961 773 1051 814 Deo
1080 784 1180 814 setae
1199 775 1246 814 in
1266 773 1404 815 lvlun-

178 844 233 888 do
251 844 591 888 administrando
614 855 744 888 essent
758 855 932 902 partes,
946 846 1051 900 fore
1068 858 1116 889 ut
1137 848 1314 891 dissidia
1336 852 1404 891 in-

180 929 253 964 ter
274 935 337 963 eos
369 935 420 963 ac
441 924 567 964 rixae
598 923 818 964 oriamur.
878 922 1026 978 Igitur
1045 938 1174 966 unum
1195 938 1402 966 summum

181 1009 293 1050 esse,
325 999 491 1054 qualem
527 998 689 1040 Graeci
711 998 906 1055 aliaeque
924 1009 1069 1055 gentes
1090 998 1242 1053 Jovem
1265 998 1406 1052 infor-

182 1081 383 1117 massent.
443 1076 632 1118 Alterum
677 1087 777 1118 vero
813 1076 1103 1130 disjunctum,
1144 1074 1281 1116 Deum
1316 1086 1407 1116 snos

179 1163 386 1206 quemque
409 1148 515 1202 stnes
547 1150 799 1207 transgredi
830 1157 912 1193 non
934 1161 1078 1207 posse,
1111 1150 1317 1193 intactum
1346 1162 1410 1192 re-

179 1218 356 1279 linquit.
401 1225 496 1268 Hoc
519 1238 614 1268 curn
638 1228 694 1268 sit
717 1239 911 1281 magnum
939 1226 1319 1281 argumentationis
1343 1226 1408 1268 vi-

180 1301 318 1355 tium3
341 1302 482 1355 aliud,
507 1314 642 1354 neque
661 1303 798 1345 levius
820 1302 928 1345 illud
943 1328 958 1355 -‚
978 1302 1022 1344 in
1055 1302 1270 1356 principio
1291 1312 1409 1344 com-

184 1378 363 1421 missum
389 1386 467 1421 est.
527 1376 635 1420 Nam
659 1378 703 1421 in
729 1379 1026 1433 expositione,
1058 1391 1097 1419 s.
1120 1376 1253 1430 prima
1272 1389 1406 1419 enon-

183 1453 369 1497 ciatione
399 1442 681 1508 dilemmatis‚
710 1467 797 1497 non
826 1454 995 1502 omnia,
1026 1457 1136 1502 quae
1163 1451 1204 1492 in
1227 1463 1312 1493 eam
1337 1465 1405 1494 ca·

183 1529 281 1571 dere
302 1538 511 1583 possunt,
532 1531 746 1583 disjuncta
771 1535 1084 1569 enumerantur.
1127 1525 1271 1569 Possit
1297 1527 1412 1570 enim

186 1602 308 1655 fieri,
341 1613 387 1644 ut
418 1605 552 1644 nollet
587 1613 692 1644 suos
733 1601 919 1654 quisque
949 1601 1065 1643 Deus
1101 1601 1237 1654 egredi
1274 1601 1407 1655 fines,

189 1679 258 1722 vel
281 1688 377 1720 cum
402 1689 596 1731 egressus
620 1677 702 1729 sit,
734 1687 873 1719 tamen
900 1677 1080 1719 aliorum
1103 1676 1275 1730 imperia
1297 1677 1412 1720 Deo-

189 1767 282 1798 rum
306 1766 392 1797 non
416 1753 621 1796 turbaret.

246 1830 357 1873 Satis
378 1839 468 1882 est,
501 1829 616 1882 quod
654 1829 704 1871 de
735 1821 930 1871 Pau-ihus
960 1828 1174 1880 diximus,
1213 1827 1418 1881 specimi-

192 1908 262 1950 nis
285 1919 447 1948 caussa.
509 1904 651 1959 Quare
684 1904 845 1957 siquid
866 1906 917 1946 ab
943 1905 1070 1958 aliis,
1101 1905 1169 1946 vel
1206 1916 1228 1946 a
1263 1905 1417 1946 docto-

190 1983 312 2026 ribus
364 1980 644 2025 Scholasticis
667 2010 682 2031 ,
738 1981 790 2021 ad
845 1980 1045 2021 unitatem
1104 1979 1185 2021 Dei
1242 1980 1423 2022 demon·

187 2059 398 2103 strandam
432 2056 602 2098 allatum
641 2063 735 2106 est,
785 2055 902 2106 quod
938 2056 1106 2109 quidem
1145 2057 1319 2109 dignum
1356 2056 1416 2099 sit

189 2139 564 2184 commemoratu,
608 2131 689 2173 hoc
735 2131 824 2173 suis
870 2133 1073 2184 quodque
1110 2132 1220 2174 locis
1265 2144 1418 2175 secun-

196 2211 247 2252 da
304 2210 434 2265 hujus
502 2206 825 2260 Disputationis
886 2217 1002 2259 parte
1072 2208 1417 2252 comolectemur.

197 2287 307 2329 Nam
342 2287 418 2328 hac
456 2274 623 2338 quidem
653 2293 771 2336 parte
799 2284 879 2325 hoc
919 2295 1045 2326 unum
1079 2284 1205 2325 nobis
1233 2295 1297 2325 est
1324 2294 1423 2333 pro-

197 2362 415 2418 positum,
457 2371 502 2403 ut
535 2372 871 2421 cognoscamus,
918 2370 1122 2411 quantum
1164 2360 1208 2402 in
1244 2360 1421 2402 scientia

199 2438 378 2481 unitatis
409 2437 487 2479 Dei
523 2438 781 2491 profecerint
814 2448 881 2478 eae
915 2445 1089 2488 gentes,
1134 2447 1241 2488 quae
1277 2447 1422 2476 carue-

176 2506 298 2558 ⁷runt
332 2513 489 2558 Divina
532 2512 816 2564 revelatione,
847 2521 886 2551 et
921 2512 1012 2555 sola
1036 2512 1102 2555 usi
1123 2520 1225 2556 sunt
1250 2508 1433 2553 naturali

818 2587 891 2632 Ee
930 2600 958 2629 2
1342 2584 1430 2626 sol·
