1693 3110
393 227 474 274 DE
502 203 1017 272 mimoRTAmrATE
1048 226 1250 274 ANIMI.
1336 221 1422 286 659

213 361 366 396 nomen
397 362 588 403 moveat,
619 352 776 405 cogitet
809 359 932 404 quatu
971 352 1151 405 graviter
1174 362 1214 394 et
1244 350 1352 394 serio
1377 351 1418 393 in
1445 362 1530 392 sect.
1544 353 1619 402 xxij

216 429 398 483 ejusdem
437 429 619 470 nominis
653 428 798 468 libello
833 427 1106 479 disputaverit
1142 427 1319 470 Cicero:
1360 435 1424 469 at·
1444 406 1580 436 seneca·

219 518 300 558 que
325 505 358 546 si
383 506 601 557 diligenter
624 512 753 544 totam
790 503 1009 555 Epistolae
1033 504 1231 546 rationem
1259 503 1427 557 indage·

215 591 342 630 mus,
387 579 636 630 reperiemus
676 578 874 620 Senecam
908 580 1207 632 cogitationem
1253 578 1427 620 Immor-

220 656 397 698 talitatis
441 653 649 695 somnium
688 665 837 696 vocare
877 653 1094 707 potuisse,
1135 653 1297 696 etiamsi
1339 665 1429 696 eam

216 740 304 772 non
331 740 475 771 vanam
503 739 543 770 et
567 729 728 771 inanem
753 729 1022 782 reputaverit.
1072 728 1264 780 Deinde,
1295 739 1429 782 quum

214 805 300 857 ait,
335 806 448 846 viros
471 817 644 858 magnos
671 817 752 847 rem
778 807 1053 858 gratissimam
1077 806 1319 858 promittere
1342 817 1428 848 ma-

214 881 280 934 gis
313 891 436 932 quam
474 880 678 933 probare,
722 892 807 922 non
839 880 1012 922 Stoicos
1050 892 1152 922 suos
1189 877 1422 935 significat,

211 957 324 1010 apud
359 969 468 1008 quos
513 956 811 997 Immortalitas
850 956 1100 997 Animorum
1143 968 1230 999 non
1278 954 1431 999 fundaa

212 1031 342 1073 menti
390 1029 462 1071 sed
510 1031 760 1072 consectarii
815 1031 957 1073 locum
1011 1030 1231 1084 habebat,
1270 1031 1430 1084 quique

212 1115 432 1159 propterea
460 1106 501 1147 in
526 1107 571 1147 ca
597 1107 918 1149 demonstrantia
945 1109 1101 1149 nullam
1137 1107 1221 1150 fere
1257 1119 1429 1162 operam

213 1180 464 1236 ponebant:
510 1183 625 1235 quod
686 1193 831 1225 contra
880 1193 962 1224 erat
1009 1181 1121 1237 apud
1158 1184 1428 1237 Platonicos,

219 1271 331 1310 quos
355 1259 436 1299 hoc
464 1259 560 1300 loco
587 1259 798 1311 significat
821 1257 999 1301 Seneca:
1035 1259 1137 1311 qui,
1170 1271 1429 1312 quamquam

212 1335 460 1377 sententiam
496 1333 686 1376 Platonis
724 1336 774 1376 de
809 1335 1060 1377 Animorum
1095 1346 1195 1389 post
1238 1337 1345 1378 hanc
1367 1336 1432 1378 vi«⁸

210 1418 293 1452 tam
344 1419 456 1450 statu
505 1409 684 1450 subinde
728 1420 940 1462 secutus.9
985 1413 1238 1464 argumentis
1289 1421 1430 1457 tamen

210 1486 394 1540 eJusdem
433 1496 642 1536 nusquam
679 1497 785 1528 usus
833 1495 912 1528 est.
983 1486 1113 1540 Quod
1155 1488 1262 1529 idem
1306 1490 1432 1533 etiam

215 1560 316 1602 hinc
347 1561 624 1613 intelligitur,
658 1563 772 1614 quod
799 1562 840 1603 in
870 1563 1046 1604 exordio
1070 1562 1432 1607 Immortalitatem

210 1647 338 1680 vocat
372 1649 456 1679 non
494 1638 619 1680 modo
654 1640 979 1692 Aemi-nitatem,
1025 1641 1097 1682 sed
1132 1641 1252 1682 etiam
1279 1649 1434 1697 posses.

210 1714 365 1755 sionem
400 1717 527 1755 totius
564 1716 686 1756 aevi:
726 1715 770 1757 in
802 1727 1028 1769 progressu
1065 1727 1166 1759 vero
1206 1715 1434 1769 Epistola&

210 1798 373 1831 tantum
413 1789 729 1832 Aeternitatem
764 1801 916 1841 vocat,
963 1803 1003 1832 et
1038 1791 1279 1832 Stoicorum
1315 1801 1432 1836 more

218 1864 402 1906 disserit.
463 1865 546 1906 Iam
575 1879 671 1907 vcro
690 1865 1005 1909 Platonicorum
1043 1866 1340 1910 Itnmortalitas
1364 1878 1431 1912 est

212 1942 432 1982 aeternitas
465 1953 571 1993 quae
604 1941 768 1983 nullum
815 1941 936 1984 finem
975 1943 1122 1984 habeat
1154 1952 1194 1983 et
1228 1943 1273 1986 in
1305 1953 1430 1987 omne

217 2028 366 2058 aevum
383 2017 502 2058 duret
527 2030 538 2058 :
575 2016 815 2059 Stoicorum
831 2030 926 2059 vero
942 2014 1262 2073 Immortalitas‚
1282 2034 1430 2073 quam-

221 2104 345 2144 quam
370 2102 411 2135 et
446 2093 526 2145 ipsi
559 2105 645 2135 eam
688 2093 960 2137 Aeternitatis
992 2095 1162 2137 nomine
1189 2098 1429 2151 appellent,

214 2177 300 2208 non
337 2177 474 2209 tamen
512 2169 617 2209 ultra
652 2169 1018 2223 conflagrationem
1055 2150 1208 2214 Mundi
1243 2172 1432 2216 extendi·

218 2252 301 2284 tur.
359 2243 552 2294 Denique
584 2245 688 2296 ipsis
728 2246 812 2286 illis
845 2245 1011 2297 verbis,
1061 2250 1304 2299 „somnium
1330 2260 1431 2306 per-

216 2315 310 2358 didi
331 2318 442 2372 quod
462 2319 696 2375 redimam,
728 2325 764 2362 si
789 2329 829 2360 te
855 2321 1076 2375 dimisem,
1110 2336 1160 2365 ac
1197 2333 1384 2381 repetam
1397 2319 1429 2343 ’³

216 2391 368 2433 diserte
423 2392 632 2445 significat
655 2425 669 2446 ‚
722 2409 765 2437 se
818 2397 893 2437 hac
942 2397 1036 2450 ipsa
1089 2397 1288 2450 Epistola
1345 2400 1427 2444 hoc

219 2468 430 2508 somnium
469 2480 553 2509 non
593 2482 767 2516 narrare.
829 2473 951 2514 Unde
989 2473 1213 2516 manifesto
1253 2472 1430 2516 confici-

213 2550 320 2596 tur,
351 2555 445 2584 eum
472 2544 685 2587 Somnium
721 2547 953 2600 appellasse
984 2560 1069 2591 non
1101 2548 1426 2604 descriptionem

843 2620 914 2663 Tt
945 2636 972 2665 2
1314 2623 1428 2669 Stoi-
