1693 3110
255 181 336 237 328
531 172 1185 222 PARENTALIA.

311 301 577 357 Quamquam
605 299 754 340 horum
789 309 985 339 versuum
1020 306 1068 338 ut
1096 306 1176 338 tres
1206 297 1363 350 priores
1396 310 1468 342 ve-

257 377 464 423 rissimam
492 374 740 416 sententiam
770 372 920 415 habere-
937 373 1174 427 judicamus
1192 403 1208 424 2
1230 373 1287 416 ita
1309 384 1471 426 postre-

260 462 376 492 mum
402 449 507 491 nihil
533 447 690 491 minus,
730 447 911 490 Mortem
934 461 1020 490 non
1039 460 1131 491 esse
1152 448 1321 491 exilium
1337 479 1352 500 ‚
1373 449 1470 500 sed,

257 535 405 568 contra
418 526 518 567 adeo
534 524 737 575 ‚reditum
760 524 802 566 in
827 524 1000 577 patriam
1019 555 1034 577 ‚
1057 534 1220 577 poterat
1240 524 1365 566 Poeta
1389 523 1471 565 dis·

258 614 353 647 cere
377 601 400 644 a
423 602 690 656 Pythagora,
724 611 763 643 et
794 601 968 643 Platone
1001 601 1179 653 aliisque
1209 600 1471 642 Graecorum

258 678 438 734 legendo
464 678 548 720 sibi
571 677 786 732 cognitis:
817 686 980 731 poterat
1004 678 1027 719 a
1048 676 1279 728 Romanis,
1302 675 1476 718 Cicero-

260 765 345 805 ne,
375 763 415 796 et
438 753 624 808 Virgilio
649 764 754 795 suo:
789 751 862 805 qui
887 751 1012 795 nobis
1037 751 1165 805 magis
1191 750 1472 803 persuadent,

261 841 386 880 quam
424 828 658 879 Horatius,
689 836 898 868 caeterum
934 825 1216 876 admirabilis,
1248 834 1289 866 at
1325 824 1476 871 hocin

261 912 538 956 argumento,
555 903 621 945 vel
645 902 879 956 Epicurum
900 901 968 944 vel
985 900 1144 959 piebem
1165 913 1362 954 sequens.
1392 898 1476 947 Sed

255 979 356 1021 haec
383 980 604 1024 hactenus,

311 1054 345 1096 I.
395 1054 643 1096 Amicorum
679 1063 843 1106 autem,
887 1067 998 1107 quos
1033 1064 1258 1096 memorare
1292 1049 1480 1093 institui.-

260 1144 388 1184 mus‚
428 1131 562 1184 prima
596 1131 846 1185 Hieronymi
878 1132 1051 1174 Boschii
1084 1143 1171 1173 sors
1201 1130 1309 1172 exiit
1331 1140 1477 1179 urna,

258 1209 328 1250 die
353 1207 490 1260 primo
523 1207 640 1260 Junii
674 1207 771 1249 anni
794 1207 1101 1250 MDCCCXI:
1135 1218 1264 1258 quum
1290 1203 1477 1258 ejusdem

263 1285 362 1328 anni
393 1284 458 1325 die
483 1283 665 1336 septimo
690 1283 930 1333 Februarii,
963 1293 1002 1323 et
1031 1291 1185 1333 quarto
1219 1278 1407 1332 Aprilis,
1437 1283 1482 1317 et

260 1360 490 1414 superioris
515 1371 655 1401 mense
672 1358 834 1412 Junio,
867 1358 1044 1400 Leidam
1073 1357 1245 1398 veniens
1271 1356 1331 1397 sic
1365 1353 1478 1396 anud

261 1452 329 1481 me
358 1436 541 1487 fuisset,
573 1445 622 1477 ut
658 1434 758 1476 mihi
789 1446 964 1487 prorsus
999 1442 1176 1474 veterem
1213 1443 1391 1473 amorem
1417 1440 1479 1471 rea

258 1516 421 1566 ferret,
460 1513 669 1554 affirmans
716 1509 872 1552 frustra
910 1511 1123 1552 laborasse
1157 1492 1479 1562 sycophantas,

262 1602 312 1637 ut
335 1590 516 1632 animum
544 1587 682 1640 ipsius
708 1587 729 1628 a
755 1597 818 1626 me
843 1584 1135 1627 abalienarent.
1178 1583 1381 1624 Manibus
1404 1581 1479 1622 hoc

263 1670 369 1710 satis
402 1674 478 1708 est.
534 1663 645 1707 Nam
681 1663 731 1704 de
756 1663 857 1703 vivo
883 1661 949 1704 bis
975 1661 1187 1711 diximus,
1218 1661 1304 1701 duo
1335 1658 1478 1700 amici-

261 1747 344 1788 tiae
364 1753 531 1787 nostrae
553 1749 822 1783 monumenta
852 1741 1106 1792 posuimus:
1141 1741 1313 1781 alterum
1329 1769 1344 1790 ‚
1374 1737 1481 1790 Epia

262 1822 445 1870 stolam,
486 1830 567 1868 qua
600 1815 787 1857 Boschio
824 1815 985 1856 Partem
1023 1813 1281 1855 undecimam
1318 1812 1481 1854 Biblio-

259 1904 406 1944 thecae
434 1898 620 1941 Criticae
652 1895 918 1937 dicavimus:
949 1895 1150 1944 alterum,
1183 1891 1477 1933 Narrationem

262 1980 313 2022 de
335 1978 426 2032 ejus
450 1973 632 2016 editione
650 1970 939 2023 Anthologiae
962 1968 1149 2012 Graecae
1164 1998 1179 2019 ‚
1197 1966 1241 2007 in
1268 1965 1479 2007 Philoma-

254 2056 372 2097 thiae
392 2053 501 2094 libro
522 2048 727 2092 secundo.
773 2046 869 2088 Huc
896 2043 1082 2094 accedit,
1107 2054 1194 2094 quo
1219 2040 1358 2081 miuus
1379 2040 1476 2091 plu-

263 2144 308 2175 ra
340 2129 528 2170 dicamus
545 2155 561 2178 ‚
593 2123 710 2175 quod
734 2122 779 2164 in
802 2122 970 2163 alienam
999 2115 1260 2171 provinciam
1286 2114 1479 2155 invadere

262 2208 494 2257 nolumus;
527 2203 563 2244 si
586 2203 753 2255 quidem
782 2211 825 2241 et
851 2197 1021 2253 publice
1048 2191 1270 2248 proposito
1293 2189 1478 2245 praemio

263 2283 429 2329 invitati
467 2290 565 2324 sunt
600 2280 716 2322 docti
754 2277 944 2320 homines
986 2275 1038 2317 ad
1072 2271 1245 2314 Boschii
1279 2271 1480 2326 Elogium

265 2357 530 2405 scribendum
547 2368 559 2397 ε
576 2363 614 2397 et
641 2366 716 2396 sua
740 2360 891 2406 sponte
914 2350 958 2394 id
983 2359 1102 2403 agere
1122 2346 1275 2389 dicitur
1298 2345 1363 2388 vir
1377 2344 1478 2385 huie

267 2435 411 2487 operi,
443 2433 478 2475 si
513 2432 611 2485 quis
646 2431 781 2482 alius,
814 2429 1018 2476 idoneus,
1060 2423 1164 2476 D.J
1202 2421 1478 2474 Lennepiu8‚

266 2508 490 2557 Professor
535 2508 774 2554 Literarum
809 2506 854 2548 in
895 2502 1055 2552 Illustti
1101 2494 1481 2550 Amstelodamensi

1358 2570 1491 2616 Athe-2
