1693 3110
434 184 1162 242 AD'LYNDENUM.
1329 203 1420 258 203

192 329 240 362 re
261 317 578 372 loco‚fanatici-
598 318 733 360 instar
760 317 870 361 vatis
889 318 1154 363 vociferans:
1189 350 1218 374 „
1240 334 1421 378 magnus

188 413 230 452 ff„
260 400 426 441 exstitit
465 397 650 438 Kantius
681 396 916 451 propbeta,
959 406 1000 439 et
1033 410 1105 452 ego
1139 398 1266 452 hzq‘us
1297 404 1419 442 inter

205 504 234 528 „
265 475 448 517 Batavos
479 476 653 516 exorior
673 473 934 529 hypopheta:
965 474 1096 516 lucem
1127 475 1202 517 ille
1226 477 1425 518 accemlie

200 581 227 606 ‚,
257 550 532 602 intenebris;
558 549 951 604 surgite-tandem,
995 564 1017 590 o
1051 553 1184 603 cives,
1218 566 1272 596 ex
1303 556 1424 609 igno.

197 656 226 683 „
256 632 430 670 rantiae
473 635 677 678 veterno,
720 635 759 667 et
796 635 963 668 tantam
999 626 1061 667 ml
1094 627 1225 669 lucem
1265 639 1423 671 menter

194 732 225 755 ,‚
255 706 485 744 convertite
512 700 725 745 vestras?
784 701 883 757 Quo
905 702 1088 742 clamore
1111 714 1241 754 quum
1270 705 1418 756 peritis

192 781 356 833 risum,
390 780 597 832 imperitis
634 778 950 821 admirationem
988 779 1239 830 excitasset,
1275 792 1418 834 perge-

187 857 259 899 bat
299 857 545 908 vaticinari,
587 856 788 910 privatim
837 856 880 897 in
919 854 1122 906 circulis,
1162 855 1334 907 publice
1365 870 1419 901 ex

192 934 389 983 Horreo,
422 936 640 977 obtestans
677 946 716 975 et
753 935 954 976 incusans
984 933 1262 974 vfflunrariam
1290 936 1424 979 caeci-

187 1020 311 1053 tatem
341 1012 559 1052 hominum
582 1043 595 1061 ,
618 1011 691 1063 qui
720 1024 808 1053 non
834 1023 980 1052 omnes
1002 1009 1258 1053 Kantianum
1275 1011 1420 1057 lumen

166 1091 454 1142 ,suspicerent
481 1099 520 1131 et
553 1090 736 1132 colerent
755 1103 765 1112 ·
802 1090 1049 1142 scriptorem
1075 1102 1312 1142 quemque,
1344 1093 1423 1144 qui

186 1167 236 1206 de
272 1165 351 1206 hoc
389 1167 546 1207 ianime
587 1179 674 1210 non
709 1168 813 1208 satis
850 1165 1084 1208 honorifice
1113 1179 1160 1208 ac
1187 1179 1421 1210 reverenter

184 1242 364 1283 locutus
391 1242 629 1295 videretur,
667 1242 908 1296 producens
939 1253 980 1284 et
1004 1243 1337 1295 reprehendensz
1370 1257 1423 1288 ex

184 1330 365 1371 quorum
393 1331 597 1371 numero,
619 1328 665 1360 tu
690 1332 867 1372 quoque
887 1318 1133 1361 nominatim
1158 1318 1308 1373 fuisti,
1332 1321 1417 1370 Wz

182 1402 253 1446 et,
294 1405 344 1437 ut
383 1404 547 1438 tantum
583 1404 794 1439 nostrates
826 1396 1070 1448 nominem,
1113 1395 1422 1453 Wynperssii‚

182 1473 492 1529 Muntinghius
509 1507 524 1528 ,
555 1474 716 1530 Ypejus
734 1508 749 1529 ,
786 1474 1050 1518 Calkoenius
1070 1505 1086 1527 ,
1118 1475 1417 1531 Nieuhoffius,

180 1547 402 1603 Feithius,
434 1553 694 1605 Alphenus,
728 1553 829 1595 clari
865 1565 947 1595 suo
988 1552 1174 1606 quisque
1202 1554 1245 1596 in
1268 1567 1418 1609 genere

179 1626 277 1669 viri.
337 1628 502 1678 Porro,
538 1628 686 1681 inique
709 1629 848 1671 ferens
872 1643 990 1672 suam
1013 1630 1212 1673 virtutem
1238 1645 1326 1676 non
1351 1648 1419 1676 sa-

178 1699 236 1741 tIs
259 1701 459 1754 agnosci,
492 1715 630 1755 neque
658 1715 703 1745 se
728 1717 862 1746 novae
887 1705 972 1747 luci
999 1709 1255 1761 spargendae
1273 1710 1316 1751 in
1340 1711 1421 1754 Ba-

178 1784 296 1817 tavas
336 1778 580 1821 Academias
616 1780 770 1831 acciri,
803 1793 871 1822 eas
895 1781 1166 1836 Nyctopolin
1199 1794 1240 1827 et
1264 1787 1422 1831 Scoto-

178 1851 300 1904 polin
332 1852 612 1904 appellitarez
651 1853 859 1907 indignari
884 1868 952 1898 eas
981 1858 1149 1900 nonita
1184 1858 1327 1903 beatas
1353 1875 1421 1903 es·

181 1939 254 1978 se,
286 1936 336 1968 ut
362 1928 385 1969 ὰ
413 1939 458 1969 se
489 1936 569 1970 tam
597 1929 750 1981 pulcro
773 1941 814 1971 et
838 1931 985 1978 lucido
1010 1932 1110 1974 Sole
1134 1933 1420 1980 illustrentur.

178 1994 342 2042 Interea
368 2002 493 2054 pauci
517 2014 609 2043 eum
633 2002 828 2045 homines
850 2005 970 2056 sequi
990 2015 1031 2047 et
1053 2007 1255 2059 probare:
1281 2012 1422 2064 legen-

179 2079 287 2124 tium
315 2092 515 2122 numerus
546 2081 709 2125 minui:
743 2081 935 2135 plerique
969 2084 1178 2128 continuo
1204 2087 1421 2142 clamore,

181 2164 222 2196 et
246 2156 430 2210 ejusdcm
458 2157 652 2199 materiae
674 2157 922 2211 formaeque
942 2169 1146 2212 perpetua
1169 2162 1418 2218 iteratione,

177 2231 345 2283 satiati,
378 2241 418 2273 et
454 2233 649 2274 crambcn
693 2233 822 2275 toties
862 2243 1074 2275 recoctam
1118 2235 1422 2293 fastidientes,

180 2307 261 2350 alia
295 2308 433 2350 studia
469 2310 710 2362 requireret
754 2309 966 2354 Criticum
1005 2308 1219 2355 Horreum
1252 2315 1419 2358 extabe-

181 2396 326 2427 scere:
372 2384 514 2427 Kantii
555 2387 700 2429 cultus
737 2399 1008 2429 evanescere:
1052 2388 1218 2436 diutius
1248 2392 1419 2444 quidem

181 2459 259 2503 ille
281 2461 537 2513 duraturus,
570 2462 604 2504 si
637 2464 774 2505 claros
803 2463 1079 2518 auctoritate,
1111 2477 1156 2508 εἰ
1192 2467 1425 2523 Metaphy-

184 2535 274 2587 sica
297 2537 483 2588 docenda
508 2549 722 2595 spectatos
753 2539 898 2595 viros,
920 2540 1051 2585 veluti
1074 2541 1416 2598 W‘ynpcrssios,

1301 2619 1422 2664 Hen-

1528 309 1536 329 8
