1693 3110
341 190 419 239 DE
447 183 960 237 IMMORTALITATE
994 188 1183 236 ANIMI.
1272 193 1356 247 589

156 313 309 366 tinuo,
340 329 425 359 non
447 315 611 358 interire
630 326 726 355 cum
756 313 1022 366 Corporibus
1038 344 1053 365 ,
1083 314 1359 367 consequitur
1378 320 1466 392 ⁸2?ng
1480 313 1527 348 v.

161 404 257 433 cum
289 404 337 434 ex
363 393 520 444 reliqua
550 390 735 433 Platonis
769 390 988 442 doctrina,
1021 401 1106 432 tum
1132 403 1181 433 ex
1202 392 1248 433 ea
1271 394 1360 446 ejus
1467 381 1479 395 ⁸

160 476 306 520 parte,
349 479 453 519 quae
486 476 547 509 est
580 467 628 508 de
659 464 942 507 Providentia.
1004 467 1165 519 Igitur,
1198 479 1245 510 ut
1281 469 1363 510 hoc

159 539 474 583 fundamentum
498 555 546 583 ex
570 542 728 584 incerto
753 550 909 582 certum
941 541 1010 582 fiat
1026 571 1040 592 ,
1077 543 1365 586 demonstran-

162 615 263 657 dum
298 626 390 668 est,
423 617 564 659 Animi
588 617 670 658 vim
696 615 907 670 cogitandi
929 628 1014 657 non
1042 629 1169 668 posse
1194 618 1291 659 oriri
1314 632 1364 662 ex

163 691 480 744 compositione
512 692 688 745 partium
717 691 921 734 materiae.
980 691 1108 747 Quod
1142 703 1260 736 sexto
1285 695 1366 737 Ar·

159 776 359 819 gumento
381 768 584 809 conficere
611 768 753 810 studet
772 767 905 809 Plato.

210 841 418 897 Quartum
450 855 499 884 eo
521 843 654 894 valet,
691 851 738 884 ut
774 844 1050 895 ostendatur,
1084 844 1363 898 AnimosJ'am

157 925 376 967 antequam
418 917 461 958 in
504 917 694 969 Corpora
734 918 948 969 venirent,
989 919 1186 961 notiones
1226 932 1362 961 rerum

159 990 415 1032 universales
444 991 673 1034 habuisse:
707 993 822 1044 quod
853 993 1016 1044 quidem
1041 994 1247 1046 ejusmodi
1270 1005 1362 1045 est,

157 1076 207 1107 ut
231 1066 496 1108 vehementer
519 1067 702 1108 dubitem
737 1079 786 1108 an
824 1068 1068 1109 recentiores
1094 1067 1272 1109 idearum
1298 1069 1364 1109 in·

161 1150 349 1183 natarum
384 1141 550 1195 patroni
582 1142 746 1182 acutius
773 1142 872 1194 quid
896 1152 933 1183 et
957 1142 1158 1184 subtilius
1182 1144 1230 1184 ad
1255 1143 1360 1185 hanc

156 1227 348 1257 caussam
377 1215 642 1257 obtinendam
665 1216 1008 1268 excogitaverint.
1061 1216 1169 1258 Nam
1196 1218 1245 1258 de
1265 1217 1362 1259 fon-

154 1299 200 1332 te
223 1302 262 1331 et
287 1289 410 1332 initio
444 1290 665 1331 notionum
696 1290 800 1331 duae
832 1301 932 1332 sunt
956 1303 1108 1343 eaeque
1131 1292 1360 1333 contrariae

150 1364 511 1419 Philosophorum
527 1366 776 1407 sententiae:
792 1367 916 1407 altera
931 1367 1175 1409 Aristotelis
1185 1378 1224 1408 et
1239 1367 1352 1408 Loc-

149 1441 239 1493 kii,
258 1441 331 1493 qui
352 1450 545 1483 statuunt
567 1439 823 1493 cognitionis
853 1441 1017 1482 initium
1048 1442 1234 1493 positum
1266 1454 1358 1485 esse

153 1516 199 1559 in
225 1516 417 1558 sensibus
454 1514 690 1565 Corporis,
721 1525 794 1565 per
819 1526 928 1565 quos
954 1515 1132 1567 primum
1159 1517 1355 1559 notiones

148 1602 285 1633 rerum
311 1599 566 1631 externarum
590 1586 732 1629 inferri
753 1587 796 1628 in
812 1588 1010 1630 Animum
1038 1591 1195 1632 nudum
1221 1601 1260 1634 et
1285 1605 1357 1635 va.

148 1678 275 1709 cuum
296 1664 346 1705 ab
370 1664 483 1705 omni
506 1662 707 1704 notione:
727 1664 850 1704 altera
865 1673 927 1705 est
943 1665 1158 1718 Platonis,
1177 1667 1248 1718 qui
1265 1677 1356 1709 tue·

148 1749 220 1782 tur
232 1739 459 1793 fuissejam
488 1737 684 1778 notiones
708 1737 749 1778 in
771 1738 926 1780 Animo
951 1750 1169 1792 antequam
1186 1742 1227 1782 in
1245 1742 1356 1784 Cor-

143 1826 229 1867 pus
247 1813 402 1854 veniret
421 1826 433 1854 ε
454 1812 613 1864 quippe
634 1813 706 1864 qui
725 1825 809 1854 non
827 1815 963 1866 possit
987 1816 1198 1868 suscipere
1217 1827 1257 1858 et
1271 1818 1356 1859 vel-

146 1889 209 1931 uti
236 1899 460 1941 agnoscere
485 1886 682 1939 imagines
703 1899 834 1929 rerum
866 1898 1124 1931 externarum
1158 1892 1353 1934 sensibus

144 1963 376 2006 oblatarum
391 1991 405 2013 ,
428 1961 507 2004 nisi
523 1961 622 2002 alias
638 1960 754 2014 prius
770 1962 913 2004 habeat
925 1963 1124 2006 notiones
1138 1995 1154 2017 ,
1174 1966 1224 2007 ad
1248 1979 1353 2018 quas

142 2037 239 2081 illas
264 2037 463 2091 imagines
487 2035 744 2077 extrinsecus
767 2036 928 2078 oblatas
953 2036 1099 2080 referat
1120 2049 1245 2092 atque
1266 2042 1352 2084 exi-

142 2121 228 2167 gat.
273 2111 386 2153 Haec
415 2120 478 2153 est
499 2111 704 2152 Platonici
726 2112 955 2163 argumenti
980 2113 1072 2165 vis,
1106 2127 1226 2167 quam
1255 2118 1349 2159 vul-

140 2198 196 2240 go
232 2198 318 2228 non
360 2187 465 2228 satis
513 2195 783 2239 perceperunt
825 2186 1090 2239 interpretes.
1158 2190 1349 2235 Platonis

139 2260 386 2302 sententiam
410 2273 579 2304 secutus
602 2271 665 2303 est
685 2260 952 2312 Leibnitius‚
973 2274 1144 2317 eamque
1167 2267 1246 2308 sub
1270 2281 1348 2310 no-

139 2334 254 2378 mine
273 2333 490 2377 doctrinae
503 2336 552 2378 de
563 2335 672 2379 Idcis
695 2340 857 2379 innatis
878 2338 1115 2382 celebravit.
1147 2340 1228 2383 Sed
1254 2344 1344 2385 Pla-

140 2419 189 2452 to
211 2409 374 2462 quidem
396 2412 599 2455 conficere
623 2413 721 2455 hinc
745 2413 908 2464 voluit,
931 2413 1128 2457 Animum
1156 2428 1273 2459 antea
1299 2419 1344 2462 in

137 2485 233 2530 aliis
258 2485 527 2541 Corporibus
554 2487 708 2534 fuisse.
763 2486 982 2533 Leibnitio
1020 2490 1099 2534 hoc
1128 2504 1256 2535 unum
1281 2506 1347 2535 sa-

1286 2568 1344 2611 tis
