<?xml version="1.0" encoding="UTF-8"?>
<!DOCTYPE html PUBLIC "-//W3C//DTD XHTML 1.0 Transitional//EN"
    "http://www.w3.org/TR/xhtml1/DTD/xhtml1-transitional.dtd">
<html xmlns="http://www.w3.org/1999/xhtml" xml:lang="en" lang="en">
 <head>
  <title>
</title>
<meta http-equiv="Content-Type" content="text/html;charset=utf-8" />
  <meta name='ocr-system' content='tesseract 3.04.00' />
  <meta name='ocr-capabilities' content='ocr_page ocr_carea ocr_par ocr_line ocrx_word'/>
</head>
<body>
  <div class='ocr_page' id='page_1' title='image "./opusculavariiarg02wytt/opusculavariiarg02wytt_0434.png"; bbox 0 0 1693 3110; ppageno 0'>
   <div class='ocr_carea' id='block_1_1' title="bbox 303 157 1220 226">
    <p class='ocr_par' dir='ltr' id='par_1_1' title="bbox 303 157 1220 226">
     <span class='ocr_line' id='line_1_1' title="bbox 303 157 1220 226; baseline -0.013 -11"><span class='ocrx_word' id='word_1_1' title='bbox 303 165 388 226; x_wconf 58' lang='grc' dir='ltr'>με</span> <span class='ocrx_word' id='word_1_2' title='bbox 605 157 1220 209; x_wconf 76' lang='lat' dir='ltr'><strong>DISPUTATIO·</strong></span> 
     </span>
    </p>
   </div>
   <div class='ocr_carea' id='block_1_2' title="bbox 305 281 1542 1554">
    <p class='ocr_par' dir='ltr' id='par_1_2' title="bbox 305 281 1542 1554">
     <span class='ocr_line' id='line_1_2' title="bbox 309 281 1526 338; baseline -0.004 -5"><span class='ocrx_word' id='word_1_3' title='bbox 309 290 544 336; x_wconf 79' lang='lat' dir='ltr'>Chaldaeos</span> <span class='ocrx_word' id='word_1_4' title='bbox 575 294 869 338; x_wconf 80' lang='lat' dir='ltr'>versarentur,</span> <span class='ocrx_word' id='word_1_5' title='bbox 901 286 953 328; x_wconf 85' lang='lat' dir='ltr'>ad</span> <span class='ocrx_word' id='word_1_6' title='bbox 983 284 1154 328; x_wconf 85' lang='lat' dir='ltr'>vicinos</span> <span class='ocrx_word' id='word_1_7' title='bbox 1185 281 1313 326; x_wconf 85' lang='lat' dir='ltr'>etiam·</span> <span class='ocrx_word' id='word_1_8' title='bbox 1333 282 1526 338; x_wconf 60' lang='lat' dir='ltr'>⁸Iudaeos</span> 
     </span>
     <span class='ocr_line' id='line_1_3' title="bbox 307 357 1523 410; baseline -0.004 -3"><span class='ocrx_word' id='word_1_9' title='bbox 307 363 621 409; x_wconf 67' lang='lat' dir='ltr'>accessissent?</span> <span class='ocrx_word' id='word_1_10' title='bbox 674 364 763 406; x_wconf 84' lang='lat' dir='ltr'>Aut</span> <span class='ocrx_word' id='word_1_11' title='bbox 796 363 1035 410; x_wconf 81' lang='lat' dir='ltr'>HomerUS‚</span> <span class='ocrx_word' id='word_1_12' title='bbox 1067 359 1139 410; x_wconf 87' lang='lat' dir='ltr'>qui</span> <span class='ocrx_word' id='word_1_13' title='bbox 1164 357 1247 400; x_wconf 90' lang='lat' dir='ltr'>fuit</span> <span class='ocrx_word' id='word_1_14' title='bbox 1272 368 1403 401; x_wconf 87' lang='lat' dir='ltr'>aetate</span> <span class='ocrx_word' id='word_1_15' title='bbox 1435 359 1523 402; x_wconf 68' lang='lat' dir='ltr'>So-</span> 
     </span>
     <span class='ocr_line' id='line_1_4' title="bbox 307 434 1523 492; baseline -0.004 -9"><span class='ocrx_word' id='word_1_16' title='bbox 307 440 527 492; x_wconf 73' lang='lat' dir='ltr'>}ontonis,</span> <span class='ocrx_word' id='word_1_17' title='bbox 556 437 841 481; x_wconf 84' lang='lat' dir='ltr'>florentissimi</span> <span class='ocrx_word' id='word_1_18' title='bbox 870 449 918 478; x_wconf 85' lang='lat' dir='ltr'>ex</span> <span class='ocrx_word' id='word_1_19' title='bbox 935 434 1122 490; x_wconf 77' lang='lat' dir='ltr'>Judaicis</span> <span class='ocrx_word' id='word_1_20' title='bbox 1145 434 1314 487; x_wconf 85' lang='lat' dir='ltr'>regibus</span> <span class='ocrx_word' id='word_1_21' title='bbox 1335 436 1523 479; x_wconf 74' lang='lat' dir='ltr'>auctori-</span> 
     </span>
     <span class='ocr_line' id='line_1_5' title="bbox 308 511 1526 570; baseline -0.003 -11"><span class='ocrx_word' id='word_1_22' title='bbox 308 527 396 559; x_wconf 81' lang='lat' dir='ltr'>tate</span> <span class='ocrx_word' id='word_1_23' title='bbox 425 526 464 558; x_wconf 90' lang='lat' dir='ltr'>et</span> <span class='ocrx_word' id='word_1_24' title='bbox 494 515 721 570; x_wconf 78' lang='lat' dir='ltr'>’sapientiae</span> <span class='ocrx_word' id='word_1_25' title='bbox 741 514 886 566; x_wconf 78' lang='lat' dir='ltr'>laude3</span> <span class='ocrx_word' id='word_1_26' title='bbox 916 512 1126 554; x_wconf 86' lang='lat' dir='ltr'>Homerus</span> <span class='ocrx_word' id='word_1_27' title='bbox 1154 511 1310 564; x_wconf 84' lang='lat' dir='ltr'>igitur,</span> <span class='ocrx_word' id='word_1_28' title='bbox 1338 514 1411 564; x_wconf 83' lang='lat' dir='ltr'>qui</span> <span class='ocrx_word' id='word_1_29' title='bbox 1436 511 1526 555; x_wconf 68' lang='lat' dir='ltr'>fuit</span> 
     </span>
     <span class='ocr_line' id='line_1_6' title="bbox 305 588 1525 644; baseline -0.002 -11"><span class='ocrx_word' id='word_1_30' title='bbox 305 604 421 635; x_wconf 82' lang='lat' dir='ltr'>nnus</span> <span class='ocrx_word' id='word_1_31' title='bbox 457 591 642 634; x_wconf 80' lang='lat' dir='ltr'>omniurn</span> <span class='ocrx_word' id='word_1_32' title='bbox 675 600 890 644; x_wconf 83' lang='lat' dir='ltr'>poetarum</span> <span class='ocrx_word' id='word_1_33' title='bbox 927 588 1235 640; x_wconf 75' lang='lat' dir='ltr'>doctissimu33</span> <span class='ocrx_word' id='word_1_34' title='bbox 1270 588 1342 640; x_wconf 91' lang='lat' dir='ltr'>qui</span> <span class='ocrx_word' id='word_1_35' title='bbox 1367 597 1525 631; x_wconf 79' lang='lat' dir='ltr'>extera·</span> 
     </span>
     <span class='ocr_line' id='line_1_7' title="bbox 309 662 1527 721; baseline 0 -14"><span class='ocrx_word' id='word_1_36' title='bbox 309 678 400 708; x_wconf 80' lang='lat' dir='ltr'>rum</span> <span class='ocrx_word' id='word_1_37' title='bbox 426 667 611 720; x_wconf 85' lang='lat' dir='ltr'>gentium</span> <span class='ocrx_word' id='word_1_38' title='bbox 625 666 910 721; x_wconf 80' lang='lat' dir='ltr'>cognitionem</span> <span class='ocrx_word' id='word_1_39' title='bbox 933 662 1180 718; x_wconf 84' lang='lat' dir='ltr'>longinquis</span> <span class='ocrx_word' id='word_1_40' title='bbox 1207 664 1430 718; x_wconf 76' lang='lat' dir='ltr'>collegerat</span> <span class='ocrx_word' id='word_1_41' title='bbox 1452 677 1527 719; x_wconf 83' lang='lat' dir='ltr'>pe-</span> 
     </span>
     <span class='ocr_line' id='line_1_8' title="bbox 311 740 1528 797; baseline 0.001 -14"><span class='ocrx_word' id='word_1_42' title='bbox 311 743 699 797; x_wconf 77' lang='lat' dir='ltr'>regrinationibu53</span> <span class='ocrx_word' id='word_1_43' title='bbox 739 743 823 795; x_wconf 67' lang='lat' dir='ltr'>qui⁴</span> <span class='ocrx_word' id='word_1_44' title='bbox 850 754 913 784; x_wconf 89' lang='lat' dir='ltr'>res</span> <span class='ocrx_word' id='word_1_45' title='bbox 949 753 1046 784; x_wconf 90' lang='lat' dir='ltr'>cum</span> <span class='ocrx_word' id='word_1_46' title='bbox 1077 753 1182 794; x_wconf 84' lang='lat' dir='ltr'>quas</span> <span class='ocrx_word' id='word_1_47' title='bbox 1218 740 1310 793; x_wconf 84' lang='lat' dir='ltr'>i-pse</span> <span class='ocrx_word' id='word_1_48' title='bbox 1328 743 1528 795; x_wconf 75' lang='lat' dir='ltr'>viderat,</span> 
     </span>
     <span class='ocr_line' id='line_1_9' title="bbox 313 819 1530 871; baseline 0.001 -13"><span class='ocrx_word' id='word_1_49' title='bbox 313 825 403 859; x_wconf 88' lang='lat' dir='ltr'>tum</span> <span class='ocrx_word' id='word_1_50' title='bbox 428 832 533 871; x_wconf 85' lang='lat' dir='ltr'>quas</span> <span class='ocrx_word' id='word_1_51' title='bbox 553 820 604 861; x_wconf 82' lang='lat' dir='ltr'>ab</span> <span class='ocrx_word' id='word_1_52' title='bbox 630 820 724 862; x_wconf 72' lang='lat' dir='ltr'>aliis</span> <span class='ocrx_word' id='word_1_53' title='bbox 743 819 872 862; x_wconf 88' lang='lat' dir='ltr'>fando</span> <span class='ocrx_word' id='word_1_54' title='bbox 895 830 1134 870; x_wconf 75' lang='lat' dir='ltr'>acceperat,</span> <span class='ocrx_word' id='word_1_55' title='bbox 1152 821 1329 860; x_wconf 86' lang='lat' dir='ltr'>libenter</span> <span class='ocrx_word' id='word_1_56' title='bbox 1339 826 1418 871; x_wconf 80' lang='lat' dir='ltr'>&#39;per</span> <span class='ocrx_word' id='word_1_57' title='bbox 1436 831 1530 863; x_wconf 84' lang='lat' dir='ltr'>car.</span> 
     </span>
     <span class='ocr_line' id='line_1_10' title="bbox 309 886 1534 946; baseline 0.002 -10"><span class='ocrx_word' id='word_1_58' title='bbox 309 896 425 938; x_wconf 79' lang='lat' dir='ltr'>mina</span> <span class='ocrx_word' id='word_1_59' title='bbox 448 895 825 937; x_wconf 71' lang='lat' dir='ltr'>commemoravitz</span> <span class='ocrx_word' id='word_1_60' title='bbox 853 894 925 946; x_wconf 77' lang='lat' dir='ltr'>q-ui</span> <span class='ocrx_word' id='word_1_61' title='bbox 951 886 1261 946; x_wconf 75' lang='lat' dir='ltr'>Aegyptiorum</span> <span class='ocrx_word' id='word_1_62' title='bbox 1286 895 1534 939; x_wconf 63' lang='lat' dir='ltr'>et-›Phoeni-</span> 
     </span>
     <span class='ocr_line' id='line_1_11' title="bbox 306 967 1534 1025; baseline 0 -12"><span class='ocrx_word' id='word_1_63' title='bbox 306 983 407 1013; x_wconf 64' lang='lat' dir='ltr'>‘cum</span> <span class='ocrx_word' id='word_1_64' title='bbox 437 971 690 1012; x_wconf 81' lang='lat' dir='ltr'>mentionem</span> <span class='ocrx_word' id='word_1_65' title='bbox 723 969 833 1011; x_wconf 85' lang='lat' dir='ltr'>haud</span> <span class='ocrx_word' id='word_1_66' title='bbox 856 981 948 1010; x_wconf 86' lang='lat' dir='ltr'>raro</span> <span class='ocrx_word' id='word_1_67' title='bbox 975 967 1100 1010; x_wconf 87' lang='lat' dir='ltr'>fecit:</span> <span class='ocrx_word' id='word_1_68' title='bbox 1134 968 1344 1011; x_wconf 85' lang='lat' dir='ltr'>Homerus</span> <span class='ocrx_word' id='word_1_69' title='bbox 1370 971 1534 1025; x_wconf 80' lang='lat' dir='ltr'>igitur,</span> 
     </span>
     <span class='ocr_line' id='line_1_12' title="bbox 315 1045 1539 1102; baseline -0.002 -14"><span class='ocrx_word' id='word_1_70' title='bbox 315 1049 433 1099; x_wconf 82' lang='lat' dir='ltr'>quod</span> <span class='ocrx_word' id='word_1_71' title='bbox 465 1048 632 1100; x_wconf 87' lang='lat' dir='ltr'>quidem</span> <span class='ocrx_word' id='word_1_72' title='bbox 668 1060 717 1089; x_wconf 86' lang='lat' dir='ltr'>ex</span> <span class='ocrx_word' id='word_1_73' title='bbox 742 1048 831 1102; x_wconf 86' lang='lat' dir='ltr'>ejus</span> <span class='ocrx_word' id='word_1_74' title='bbox 859 1045 1116 1087; x_wconf 78' lang='lat' dir='ltr'>carminibus</span> <span class='ocrx_word' id='word_1_75' title='bbox 1148 1045 1326 1099; x_wconf 75' lang='lat' dir='ltr'>inteiiigi</span> <span class='ocrx_word' id='word_1_76' title='bbox 1357 1048 1539 1102; x_wconf 33' lang='lat' dir='ltr'>possit}</span> 
     </span>
     <span class='ocr_line' id='line_1_13' title="bbox 306 1123 1531 1182; baseline 0.001 -15"><span class='ocrx_word' id='word_1_77' title='bbox 306 1127 573 1182; x_wconf 73' lang='lat' dir='ltr'>Judaicarum</span> <span class='ocrx_word' id='word_1_78' title='bbox 604 1137 739 1168; x_wconf 84' lang='lat' dir='ltr'>rer-um</span> <span class='ocrx_word' id='word_1_79' title='bbox 761 1126 917 1167; x_wconf 70' lang='lat' dir='ltr'>nullam</span> <span class='ocrx_word' id='word_1_80' title='bbox 943 1134 1118 1176; x_wconf 84' lang='lat' dir='ltr'>prorsus</span> <span class='ocrx_word' id='word_1_81' title='bbox 1144 1123 1293 1164; x_wconf 85' lang='lat' dir='ltr'>habuit</span> <span class='ocrx_word' id='word_1_82' title='bbox 1313 1125 1531 1169; x_wconf 87' lang='lat' dir='ltr'>not-itiam.</span> 
     </span>
     <span class='ocr_line' id='line_1_14' title="bbox 312 1198 1536 1258; baseline -0.001 -15"><span class='ocrx_word' id='word_1_83' title='bbox 312 1202 402 1258; x_wconf 82' lang='lat' dir='ltr'>Qui</span> <span class='ocrx_word' id='word_1_84' title='bbox 442 1203 720 1256; x_wconf 83' lang='lat' dir='ltr'>Pythagoram</span> <span class='ocrx_word' id='word_1_85' title='bbox 759 1212 856 1242; x_wconf 84' lang='lat' dir='ltr'>curn</span> <span class='ocrx_word' id='word_1_86' title='bbox 882 1199 1116 1241; x_wconf 83' lang='lat' dir='ltr'>-Ezechiele</span> <span class='ocrx_word' id='word_1_87' title='bbox 1147 1198 1410 1240; x_wconf 82' lang='lat' dir='ltr'>&#39;collocutum</span> <span class='ocrx_word' id='word_1_88' title='bbox 1442 1211 1536 1243; x_wconf 82' lang='lat' dir='ltr'>esse</span> 
     </span>
     <span class='ocr_line' id='line_1_15' title="bbox 316 1273 1538 1329; baseline -0.003 -8"><span class='ocrx_word' id='word_1_89' title='bbox 316 1280 504 1328; x_wconf 78' lang='lat' dir='ltr'>volunt,</span> <span class='ocrx_word' id='word_1_90' title='bbox 535 1276 577 1318; x_wconf 86' lang='lat' dir='ltr'>in</span> <span class='ocrx_word' id='word_1_91' title='bbox 601 1274 806 1329; x_wconf 86' lang='lat' dir='ltr'>temporis</span> <span class='ocrx_word' id='word_1_92' title='bbox 832 1273 1066 1315; x_wconf 78' lang='lat' dir='ltr'>rat10nibus</span> <span class='ocrx_word' id='word_1_93' title='bbox 1094 1274 1274 1325; x_wconf 80' lang='lat' dir='ltr'>turpiter</span> <span class='ocrx_word' id='word_1_94' title='bbox 1299 1284 1465 1325; x_wconf 82' lang='lat' dir='ltr'>errant,</span> <span class='ocrx_word' id='word_1_95' title='bbox 1493 1283 1538 1317; x_wconf 80' lang='lat' dir='ltr'>et</span> 
     </span>
     <span class='ocr_line' id='line_1_16' title="bbox 313 1349 1541 1403; baseline -0.004 -6"><span class='ocrx_word' id='word_1_96' title='bbox 313 1354 515 1397; x_wconf 58' lang='lat' dir='ltr'>‘homines</span> <span class='ocrx_word' id='word_1_97' title='bbox 550 1354 781 1394; x_wconf 82' lang='lat' dir='ltr'>multorum</span> <span class='ocrx_word' id='word_1_98' title='bbox 805 1361 1011 1392; x_wconf 84' lang='lat' dir='ltr'>annorum</span> <span class='ocrx_word' id='word_1_99' title='bbox 1045 1349 1183 1402; x_wconf 86' lang='lat' dir='ltr'>spatio</span> <span class='ocrx_word' id='word_1_100' title='bbox 1208 1349 1447 1403; x_wconf 86' lang='lat' dir='ltr'>disjunctos</span> <span class='ocrx_word' id='word_1_101' title='bbox 1474 1361 1541 1392; x_wconf 88' lang='lat' dir='ltr'>ae·</span> 
     </span>
     <span class='ocr_line' id='line_1_17' title="bbox 325 1425 1542 1484; baseline -0.002 -13"><span class='ocrx_word' id='word_1_102' title='bbox 325 1432 473 1484; x_wconf 84' lang='lat' dir='ltr'>quales</span> <span class='ocrx_word' id='word_1_103' title='bbox 496 1428 677 1470; x_wconf 85' lang='lat' dir='ltr'>faciunt.</span> <span class='ocrx_word' id='word_1_104' title='bbox 739 1427 849 1467; x_wconf 88' lang='lat' dir='ltr'>Sunt</span> <span class='ocrx_word' id='word_1_105' title='bbox 870 1426 998 1477; x_wconf 81' lang='lat' dir='ltr'>adeo,</span> <span class='ocrx_word' id='word_1_106' title='bbox 1029 1426 1102 1478; x_wconf 91' lang='lat' dir='ltr'>qui</span> <span class='ocrx_word' id='word_1_107' title='bbox 1132 1425 1348 1468; x_wconf 70' lang='lat' dir='ltr'>Platonem</span> <span class='ocrx_word' id='word_1_108' title='bbox 1378 1427 1542 1469; x_wconf 54' lang='lat' dir='ltr'>doctriae</span> 
     </span>
     <span class='ocr_line' id='line_1_18' title="bbox 324 1497 1542 1554; baseline -0.002 -6"><span class='ocrx_word' id='word_1_109' title='bbox 324 1518 421 1551; x_wconf 72' lang='lat' dir='ltr'>‘nam</span> <span class='ocrx_word' id='word_1_110' title='bbox 450 1506 498 1547; x_wconf 90' lang='lat' dir='ltr'>de</span> <span class='ocrx_word' id='word_1_111' title='bbox 522 1500 735 1544; x_wconf 82' lang='lat' dir='ltr'>Trinitate</span> <span class='ocrx_word' id='word_1_112' title='bbox 765 1511 814 1540; x_wconf 77' lang='lat' dir='ltr'>ex</span> <span class='ocrx_word' id='word_1_113' title='bbox 837 1498 955 1539; x_wconf 88' lang='lat' dir='ltr'>libris</span> <span class='ocrx_word' id='word_1_114' title='bbox 986 1497 1114 1538; x_wconf 85' lang='lat' dir='ltr'>sacris</span> <span class='ocrx_word' id='word_1_115' title='bbox 1148 1499 1202 1539; x_wconf 88' lang='lat' dir='ltr'>V.</span> <span class='ocrx_word' id='word_1_116' title='bbox 1237 1498 1296 1541; x_wconf 90' lang='lat' dir='ltr'>T.</span> <span class='ocrx_word' id='word_1_117' title='bbox 1326 1502 1542 1554; x_wconf 82' lang='lat' dir='ltr'>accepisse</span> 
     </span>
    </p>
   </div>
   <div class='ocr_carea' id='block_1_3' title="bbox 306 1572 1561 2611">
    <p class='ocr_par' dir='ltr' id='par_1_3' title="bbox 327 1572 1543 1627">
     <span class='ocr_line' id='line_1_19' title="bbox 327 1572 1543 1627; baseline -0.008 0"><span class='ocrx_word' id='word_1_118' title='bbox 327 1585 487 1627; x_wconf 85' lang='lat' dir='ltr'>dicant.</span> <span class='ocrx_word' id='word_1_119' title='bbox 548 1578 630 1621; x_wconf 77' lang='lat' dir='ltr'>Sed</span> <span class='ocrx_word' id='word_1_120' title='bbox 659 1576 721 1619; x_wconf 89' lang='lat' dir='ltr'>nil</span> <span class='ocrx_word' id='word_1_121' title='bbox 757 1583 820 1617; x_wconf 92' lang='lat' dir='ltr'>est</span> <span class='ocrx_word' id='word_1_122' title='bbox 848 1583 930 1616; x_wconf 84' lang='lat' dir='ltr'>tam</span> <span class='ocrx_word' id='word_1_123' title='bbox 967 1572 1191 1626; x_wconf 85' lang='lat' dir='ltr'>ineptum,</span> <span class='ocrx_word' id='word_1_124' title='bbox 1224 1574 1328 1626; x_wconf 81' lang='lat' dir='ltr'>qui-n</span> <span class='ocrx_word' id='word_1_125' title='bbox 1361 1577 1411 1617; x_wconf 89' lang='lat' dir='ltr'>ab</span> <span class='ocrx_word' id='word_1_126' title='bbox 1445 1577 1543 1620; x_wconf 81' lang='lat' dir='ltr'>istis</span> 
     </span>
    </p>

    <p class='ocr_par' dir='ltr' id='par_1_4' title="bbox 328 1650 1544 1715">
     <span class='ocr_line' id='line_1_20' title="bbox 328 1650 1544 1715; baseline -0.005 -11"><span class='ocrx_word' id='word_1_127' title='bbox 328 1661 538 1715; x_wconf 69' lang='lat' dir='ltr'>fingatur,</span> <span class='ocrx_word' id='word_1_128' title='bbox 557 1655 631 1709; x_wconf 84' lang='lat' dir='ltr'>qui</span> <span class='ocrx_word' id='word_1_129' title='bbox 652 1653 853 1696; x_wconf 83' lang='lat' dir='ltr'>Graecam</span> <span class='ocrx_word' id='word_1_130' title='bbox 873 1663 895 1692; x_wconf 83' lang='lat' dir='ltr'>a</span> <span class='ocrx_word' id='word_1_131' title='bbox 915 1650 1086 1705; x_wconf 86' lang='lat' dir='ltr'>Judaica</span> <span class='ocrx_word' id='word_1_132' title='bbox 1106 1650 1298 1693; x_wconf 76' lang='lat' dir='ltr'>doctrina</span> <span class='ocrx_word' id='word_1_133' title='bbox 1323 1663 1507 1706; x_wconf 87' lang='lat' dir='ltr'>repetant</span> <span class='ocrx_word' id='word_1_134' title='bbox 1527 1668 1544 1698; x_wconf 76' lang='lat' dir='ltr'><em>z</em></span> 
     </span>
    </p>

    <p class='ocr_par' dir='ltr' id='par_1_5' title="bbox 330 1729 1549 1795">
     <span class='ocr_line' id='line_1_21' title="bbox 330 1729 1549 1795; baseline -0.008 -11"><span class='ocrx_word' id='word_1_135' title='bbox 330 1751 512 1795; x_wconf 84' lang='lat' dir='ltr'>quorum</span> <span class='ocrx_word' id='word_1_136' title='bbox 534 1735 701 1790; x_wconf 82' lang='lat' dir='ltr'>quidem</span> <span class='ocrx_word' id='word_1_137' title='bbox 721 1744 817 1774; x_wconf 88' lang='lat' dir='ltr'>cum</span> <span class='ocrx_word' id='word_1_138' title='bbox 838 1730 982 1773; x_wconf 80' lang='lat' dir='ltr'>nunus</span> <span class='ocrx_word' id='word_1_139' title='bbox 1003 1740 1088 1771; x_wconf 85' lang='lat' dir='ltr'>non</span> <span class='ocrx_word' id='word_1_140' title='bbox 1109 1729 1326 1781; x_wconf 87' lang='lat' dir='ltr'>pueriliter</span> <span class='ocrx_word' id='word_1_141' title='bbox 1343 1730 1549 1786; x_wconf 79' lang='lat' dir='ltr'>ineptiat,</span> 
     </span>
    </p>

    <p class='ocr_par' dir='ltr' id='par_1_6' title="bbox 330 1806 1547 1871">
     <span class='ocr_line' id='line_1_22' title="bbox 330 1806 1547 1871; baseline -0.011 -12"><span class='ocrx_word' id='word_1_142' title='bbox 330 1812 676 1871; x_wconf 82' lang='lat' dir='ltr'>imperitissimus</span> <span class='ocrx_word' id='word_1_143' title='bbox 728 1809 911 1860; x_wconf 83' lang='lat' dir='ltr'>quisque</span> <span class='ocrx_word' id='word_1_144' title='bbox 955 1806 1347 1858; x_wconf 79' lang='lat' dir='ltr'>impudentissimus</span> <span class='ocrx_word' id='word_1_145' title='bbox 1387 1817 1450 1851; x_wconf 89' lang='lat' dir='ltr'>est</span> <span class='ocrx_word' id='word_1_146' title='bbox 1495 1809 1547 1851; x_wconf 82' lang='lat' dir='ltr'>ad</span> 
     </span>
    </p>

    <p class='ocr_par' dir='ltr' id='par_1_7' title="bbox 312 1882 1550 2014">
     <span class='ocr_line' id='line_1_23' title="bbox 312 1882 1550 1948; baseline -0.01 -9"><span class='ocrx_word' id='word_1_147' title='bbox 312 1892 590 1948; x_wconf 84' lang='lat' dir='ltr'>‘fingendum.</span> <span class='ocrx_word' id='word_1_148' title='bbox 648 1885 873 1928; x_wconf 83' lang='lat' dir='ltr'>Mittamus</span> <span class='ocrx_word' id='word_1_149' title='bbox 912 1882 1090 1934; x_wconf 80' lang='lat' dir='ltr'>poetas,</span> <span class='ocrx_word' id='word_1_150' title='bbox 1125 1882 1197 1935; x_wconf 91' lang='lat' dir='ltr'>qui</span> <span class='ocrx_word' id='word_1_151' title='bbox 1233 1882 1315 1925; x_wconf 80' lang='lat' dir='ltr'>fere</span> <span class='ocrx_word' id='word_1_152' title='bbox 1340 1896 1484 1926; x_wconf 87' lang='lat' dir='ltr'>omnes</span> <span class='ocrx_word' id='word_1_153' title='bbox 1509 1894 1550 1928; x_wconf 87' lang='lat' dir='ltr'>et</span> 
     </span>
     <span class='ocr_line' id='line_1_24' title="bbox 330 1957 1548 2014; baseline -0.014 -1"><span class='ocrx_word' id='word_1_154' title='bbox 330 1968 524 2014; x_wconf 85' lang='lat' dir='ltr'>doctrina</span> <span class='ocrx_word' id='word_1_155' title='bbox 551 1961 843 2012; x_wconf 81' lang='lat' dir='ltr'>abundabant,</span> <span class='ocrx_word' id='word_1_156' title='bbox 875 1968 915 2000; x_wconf 85' lang='lat' dir='ltr'>et</span> <span class='ocrx_word' id='word_1_157' title='bbox 939 1970 1024 2000; x_wconf 86' lang='lat' dir='ltr'>eam</span> <span class='ocrx_word' id='word_1_158' title='bbox 1048 1957 1305 2000; x_wconf 87' lang='lat' dir='ltr'>carminibus</span> <span class='ocrx_word' id='word_1_159' title='bbox 1330 1971 1548 2011; x_wconf 87' lang='lat' dir='ltr'>exprome.</span> 
     </span>
    </p>

    <p class='ocr_par' dir='ltr' id='par_1_8' title="bbox 330 2036 1553 2097">
     <span class='ocr_line' id='line_1_25' title="bbox 330 2036 1553 2097; baseline -0.01 -8"><span class='ocrx_word' id='word_1_160' title='bbox 330 2060 375 2090; x_wconf 84' lang='lat' dir='ltr'>re</span> <span class='ocrx_word' id='word_1_161' title='bbox 400 2055 529 2097; x_wconf 84' lang='lat' dir='ltr'>atque</span> <span class='ocrx_word' id='word_1_162' title='bbox 560 2048 772 2084; x_wconf 88' lang='lat' dir='ltr'>ostentare</span> <span class='ocrx_word' id='word_1_163' title='bbox 805 2036 1025 2079; x_wconf 84' lang='lat' dir='ltr'>solebant:</span> <span class='ocrx_word' id='word_1_164' title='bbox 1061 2043 1111 2076; x_wconf 81' lang='lat' dir='ltr'>ex</span> <span class='ocrx_word' id='word_1_165' title='bbox 1143 2045 1319 2086; x_wconf 83' lang='lat' dir='ltr'>quorum</span> <span class='ocrx_word' id='word_1_166' title='bbox 1347 2036 1553 2089; x_wconf 80' lang='lat' dir='ltr'>scriptis,</span> 
     </span>
    </p>

    <p class='ocr_par' dir='ltr' id='par_1_9' title="bbox 334 2111 1555 2178">
     <span class='ocr_line' id='line_1_26' title="bbox 334 2111 1555 2178; baseline -0.01 -12"><span class='ocrx_word' id='word_1_167' title='bbox 334 2135 442 2178; x_wconf 89' lang='lat' dir='ltr'>quae</span> <span class='ocrx_word' id='word_1_168' title='bbox 463 2121 682 2163; x_wconf 88' lang='lat' dir='ltr'>innumera</span> <span class='ocrx_word' id='word_1_169' title='bbox 711 2113 906 2168; x_wconf 88' lang='lat' dir='ltr'>profecto</span> <span class='ocrx_word' id='word_1_170' title='bbox 928 2111 1138 2163; x_wconf 74' lang='lat' dir='ltr'>fuerunt,</span> <span class='ocrx_word' id='word_1_171' title='bbox 1167 2122 1219 2152; x_wconf 88' lang='lat' dir='ltr'>ne</span> <span class='ocrx_word' id='word_1_172' title='bbox 1252 2119 1416 2153; x_wconf 86' lang='lat' dir='ltr'>tenuem</span> <span class='ocrx_word' id='word_1_173' title='bbox 1455 2114 1555 2165; x_wconf 80' lang='lat' dir='ltr'>qni-</span> 
     </span>
    </p>

    <p class='ocr_par' dir='ltr' id='par_1_10' title="bbox 332 2187 1552 2246">
     <span class='ocr_line' id='line_1_27' title="bbox 332 2187 1552 2246; baseline -0.01 -5"><span class='ocrx_word' id='word_1_174' title='bbox 332 2200 423 2242; x_wconf 87' lang='lat' dir='ltr'>dem</span> <span class='ocrx_word' id='word_1_175' title='bbox 449 2195 638 2238; x_wconf 87' lang='lat' dir='ltr'>umbram</span> <span class='ocrx_word' id='word_1_176' title='bbox 661 2190 926 2246; x_wconf 85' lang='lat' dir='ltr'>reiJudaicae</span> <span class='ocrx_word' id='word_1_177' title='bbox 947 2187 1156 2240; x_wconf 84' lang='lat' dir='ltr'>consequi</span> <span class='ocrx_word' id='word_1_178' title='bbox 1181 2196 1440 2240; x_wconf 71' lang='lat' dir='ltr'>potuerunt,</span> <span class='ocrx_word' id='word_1_179' title='bbox 1456 2187 1552 2241; x_wconf 83' lang='lat' dir='ltr'>qui-</span> 
     </span>
    </p>

    <p class='ocr_par' dir='ltr' id='par_1_11' title="bbox 336 2263 1552 2331">
     <span class='ocr_line' id='line_1_28' title="bbox 336 2263 1552 2331; baseline -0.009 -12"><span class='ocrx_word' id='word_1_180' title='bbox 336 2288 522 2331; x_wconf 81' lang='lat' dir='ltr'>cumque</span> <span class='ocrx_word' id='word_1_181' title='bbox 555 2274 637 2316; x_wconf 88' lang='lat' dir='ltr'>hoc</span> <span class='ocrx_word' id='word_1_182' title='bbox 673 2283 790 2325; x_wconf 86' lang='lat' dir='ltr'>agere</span> <span class='ocrx_word' id='word_1_183' title='bbox 826 2267 966 2312; x_wconf 85' lang='lat' dir='ltr'>conati</span> <span class='ocrx_word' id='word_1_184' title='bbox 999 2274 1115 2309; x_wconf 83' lang='lat' dir='ltr'>sunt.</span> <span class='ocrx_word' id='word_1_185' title='bbox 1174 2263 1402 2308; x_wconf 82' lang='lat' dir='ltr'>Mittamus</span> <span class='ocrx_word' id='word_1_186' title='bbox 1425 2267 1552 2309; x_wconf 78' lang='lat' dir='ltr'>etiam</span> 
     </span>
    </p>

    <p class='ocr_par' dir='ltr' id='par_1_12' title="bbox 306 2341 1555 2482">
     <span class='ocr_line' id='line_1_29' title="bbox 306 2341 1555 2403; baseline -0.012 -6"><span class='ocrx_word' id='word_1_187' title='bbox 306 2350 658 2403; x_wconf 60' lang='lat' dir='ltr'>Philosophus,</span> <span class='ocrx_word' id='word_1_188' title='bbox 689 2358 870 2401; x_wconf 82' lang='lat' dir='ltr'>quorum</span> <span class='ocrx_word' id='word_1_189' title='bbox 895 2356 945 2386; x_wconf 79' lang='lat' dir='ltr'>ex</span> <span class='ocrx_word' id='word_1_190' title='bbox 977 2355 1022 2385; x_wconf 91' lang='lat' dir='ltr'>ea</span> <span class='ocrx_word' id='word_1_191' title='bbox 1057 2350 1188 2383; x_wconf 89' lang='lat' dir='ltr'>aetate</span> <span class='ocrx_word' id='word_1_192' title='bbox 1217 2341 1404 2384; x_wconf 87' lang='lat' dir='ltr'>omnium</span> <span class='ocrx_word' id='word_1_193' title='bbox 1441 2342 1555 2395; x_wconf 86' lang='lat' dir='ltr'>prin·</span> 
     </span>
     <span class='ocr_line' id='line_1_30' title="bbox 336 2418 1552 2482; baseline -0.012 -11"><span class='ocrx_word' id='word_1_194' title='bbox 336 2430 454 2482; x_wconf 83' lang='lat' dir='ltr'>cipes</span> <span class='ocrx_word' id='word_1_195' title='bbox 490 2433 716 2479; x_wconf 83' lang='lat' dir='ltr'>supersunt</span> <span class='ocrx_word' id='word_1_196' title='bbox 750 2424 871 2466; x_wconf 88' lang='lat' dir='ltr'>Plato</span> <span class='ocrx_word' id='word_1_197' title='bbox 902 2430 943 2462; x_wconf 87' lang='lat' dir='ltr'>et</span> <span class='ocrx_word' id='word_1_198' title='bbox 973 2418 1252 2461; x_wconf 89' lang='lat' dir='ltr'>Aristoteles:</span> <span class='ocrx_word' id='word_1_199' title='bbox 1289 2419 1393 2459; x_wconf 88' lang='lat' dir='ltr'>cedo</span> <span class='ocrx_word' id='word_1_200' title='bbox 1419 2427 1552 2458; x_wconf 88' lang='lat' dir='ltr'>unum</span> 
     </span>
    </p>

    <p class='ocr_par' dir='ltr' id='par_1_13' title="bbox 345 2490 1561 2559">
     <span class='ocr_line' id='line_1_31' title="bbox 345 2490 1561 2559; baseline -0.014 -9"><span class='ocrx_word' id='word_1_201' title='bbox 345 2503 573 2559; x_wconf 79' lang='lat' dir='ltr'>vestigium</span> <span class='ocrx_word' id='word_1_202' title='bbox 591 2501 814 2558; x_wconf 74' lang='lat' dir='ltr'>judaicum</span> <span class='ocrx_word' id='word_1_203' title='bbox 836 2512 885 2544; x_wconf 73' lang='lat' dir='ltr'>ex</span> <span class='ocrx_word' id='word_1_204' title='bbox 908 2508 1053 2542; x_wconf 87' lang='lat' dir='ltr'>eorum</span> <span class='ocrx_word' id='word_1_205' title='bbox 1076 2495 1276 2550; x_wconf 67' lang='lat' dir='ltr'>scriptis?</span> <span class='ocrx_word' id='word_1_206' title='bbox 1307 2493 1445 2548; x_wconf 83' lang='lat' dir='ltr'>Atqui</span> <span class='ocrx_word' id='word_1_207' title='bbox 1461 2490 1561 2533; x_wconf 82' lang='lat' dir='ltr'>Pla-</span> 
     </span>
    </p>

    <p class='ocr_par' dir='ltr' id='par_1_14' title="bbox 1512 2577 1561 2611">
     <span class='ocr_line' id='line_1_32' title="bbox 1512 2577 1561 2611; baseline 0 0"><span class='ocrx_word' id='word_1_208' title='bbox 1512 2577 1561 2611; x_wconf 67' lang='lat'>³0</span> 
     </span>
    </p>
   </div>
  </div>
 </body>
</html>
