1693 3110
345 324 1190 388 PRAEFATIO

454 579 698 613 LIBRI
782 579 1095 612 TERTII

199 799 819 852 MISCELLANEAE
871 800 1357 864 DOCTRINAEJ
1405 843 1408 846 Δ

676 1226 746 1285 L.
822 1228 886 1285 S.

177 1402 383 1500 Septem
404 1443 652 1494 annisum,
684 1442 803 1495 quod
835 1441 902 1485 hic
935 1444 1042 1486 liber
1084 1443 1212 1486 scribi
1240 1458 1287 1488 ac
1323 1455 1390 1500 ty—

176 1526 246 1577 pis
269 1520 452 1564 describi
471 1529 649 1572 coeptus
675 1529 757 1560 est.
801 1518 932 1574 Quod
949 1519 1134 1572 spatium
1161 1533 1291 1571 quum
1317 1535 1398 1574 pu-

178 1599 289 1639 blice
308 1607 349 1638 et
371 1596 566 1649 privatim
590 1596 632 1637 in
655 1594 939 1636 incredibilem
965 1603 1201 1647 temporum
1224 1607 1398 1640 nostro-

178 1685 271 1716 rum
296 1673 534 1714 varietatem
562 1670 792 1721 incideret;
826 1671 877 1710 ad
915 1671 1020 1712 hanc
1053 1681 1397 1725 argumentorum

178 1750 363 1792 delectus
401 1756 441 1787 et
465 1745 692 1798 explicatio
715 1746 1022 1788 accommodari
1046 1747 1215 1790 debuit:
1248 1761 1396 1801 quam-

178 1836 304 1878 quam
343 1831 571 1874 utrumque
616 1819 763 1872 etiam,
804 1822 935 1863 veteri
970 1831 1120 1865 nostro
1157 1823 1395 1878 instituto,

176 1909 420 1942 constanter
445 1898 496 1939 ad
534 1897 705 1939 virtutis
739 1897 1035 1950 doctrinaeque
1070 1896 1257 1942 fructum
1285 1912 1398 1942 retu-

177 1976 322 2018 limus.
382 1974 463 2016 Sed
490 1973 531 2015 in
558 1981 676 2014 tanto
703 1973 843 2025 spatio
869 1984 914 2014 ac
939 1982 1176 2026 temporum
1200 1976 1399 2017 varietate

180 2051 303 2094 facile
338 2049 426 2092 fieri
466 2058 657 2104 poterat,
689 2058 736 2090 ut
782 2049 979 2101 quaedam
1016 2061 1257 2104 argumenta
1292 2052 1403 2094 inter

180 2127 449 2173 scribendum
476 2139 522 2167 ac
559 2125 877 2168 describendum
906 2129 1179 2170 necessariam
1207 2142 1401 2172 caussam

179 2202 402 2254 habentia,
461 2202 709 2255 iustumque
758 2201 841 2243 sibi
880 2202 960 2244 hoc
1001 2203 1045 2245 in
1098 2202 1209 2246 libro
1261 2207 1407 2249 locum

183 2278 443 2331 postulantia
480 2278 805 2331 insequentibus
843 2278 963 2320 annis
998 2290 1303 2332 supervacanea
1337 2283 1406 2323 vi-

184 2354 393 2397 derentur.
481 2357 623 2407 Atque
670 2355 918 2410 hujusmodi
973 2357 1188 2411 negotium
1247 2359 1405 2411 aliquis

183 2431 344 2473 amicus
380 2440 521 2474 noster
551 2431 719 2484 putavit
758 2443 847 2474 esse
869 2432 1044 2474 duarum
1070 2445 1338 2477 censurarum
1365 2433 1407 2477 ΙΙ

180 2517 224 2552 et
268 2506 326 2550 Ill
371 2508 643 2553 admonendis
688 2508 847 2553 nostris
901 2509 1179 2564 sycophantis
1226 2510 1405 2561 scripta-

874 2584 914 2630 X
943 2597 966 2641 3
1279 2595 1403 2640 rum3
