1693 3110
274 217 326 272 36
643 212 1124 259 EPISTOLA

271 336 367 379 aliis
401 335 674 387 nominibus,
706 347 851 378 omnes
882 336 1052 378 deorum
1087 336 1249 389 instar,
1279 339 1475 383 colebari-⁴

272 422 358 456 tur,
420 412 501 453 Sed
536 421 621 452 erat
641 412 741 453 haec
768 411 967 454 divinitas
993 412 1227 455 brevissimi
1250 416 1480 468 temporisz

272 490 435 544 dq’ecto
462 488 598 540 priore
615 488 720 539 deo,
743 498 882 530 novus
905 487 1203 535 inducebaturz-
1228 490 1326 542 qui,
1350 502 1487 543 quum

271 575 387 605 suam
426 571 598 604 aetatem
647 563 933 614 explevisset,
977 562 1076 605 item
1111 565 1326 616 desertus,
1369 578 1484 607 novo

268 639 363 692 ipse
395 639 471 681 deo
508 639 648 680 locum
686 637 802 681 fecit.
863 639 921 681 Et
947 640 1176 682 recentiore
1212 648 1315 683 a'evo
1344 642 1484 682 eadem

266 717 445 767 fabula,
476 715 568 757 aliis
597 715 841 767 actoribus,
882 715 1079 768 deinceps
1105 716 1276 768 repetita
1300 726 1387 759 est:
1423 718 1490 758 vi-

269 792 420 834 derunt
455 791 634 831 eamdem
674 790 739 844 agi
769 791 944 844 majores
969 790 1127 841 nostri,
1161 791 1342 833 vidimus
1371 791 1481 844 ipsi,

267 869 472 911 videbunt
500 866 674 919 posteri.
749 866 1015 919 spectatores
1046 867 1271 919 prudentes
1298 867 1483 909 fabulam

266 948 331 999 agi
360 945 524 986 sciunt:
559 942 875 995 imprudentes,
905 953 1119 996 tamquam
1148 943 1298 996 puerili
1325 944 1369 986 in
1394 955 1483 986 sce-

264 1033 317 1063 na
334 1050 347 1070 ‚
378 1029 512 1060 veram
537 1030 619 1058 rem
642 1017 779 1059 videre
799 1030 841 1058 se
873 1026 1024 1070 putant
1041 1048 1055 1070 ,
1088 1028 1340 1070 moventur,
1370 1017 1484 1060 insa·

265 1095 420 1145 niunt,
464 1093 644 1134 clamant
679 1103 791 1133 nunc
824 1092 987 1132 demum
1020 1091 1233 1132 veritatem
1269 1102 1481 1133 ostensam

261 1170 601 1224 pateffictamque
635 1179 846 1219 apparere.
923 1167 1042 1208 Adeo
1083 1178 1225 1207 verum
1267 1176 1328 1206 est
1365 1166 1484 1217 quod

266 1246 373 1287 dixit
397 1244 550 1286 Cicero
585 1243 634 1283 de
659 1242 866 1293 historia,
899 1255 988 1282 eam
1017 1244 1202 1291 nescire,
1233 1240 1342 1281 idem
1366 1252 1478 1291 esse,

264 1335 317 1364 ac
342 1325 500 1375 semper
524 1332 605 1360 esse
620 1329 819 1374 puerum.
881 1316 938 1357 Et
962 1316 1035 1358 isti
1060 1316 1233 1357 omnino
1257 1313 1484 1366 dupliciter

262 1396 413 1451 pueri,
446 1404 493 1436 ut
527 1394 568 1436 in
604 1391 829 1446 proverbio
863 1400 956 1442 est,
987 1392 1042 1439 δὶς
1073 1393 1240 1440 παῖδες,
1273 1388 1486 1442 reperiun-

263 1483 352 1515 tur.
409 1472 590 1513 Primum
610 1501 625 1522 ,
658 1469 873 1511 historiam
895 1467 1136 1522 ignorantes
1158 1464 1482 1518 philosophiae,

263 1560 286 1589 a
313 1544 569 1588 novissimae
606 1545 817 1597 cujusque
858 1552 993 1583 sectae
1029 1549 1196 1580 auctore
1229 1538 1479 1591 capiuntur:

263 1608 437 1672 deinde,
467 1620 608 1673 prouti
634 1619 825 1672 pueruli,
847 1618 1058 1660 simiarum
1080 1617 1234 1668 instar,
1256 1617 1369 1657 viros
1387 1616 1484 1656 imi·

265 1709 408 1741 tantur
425 1728 441 1749 ‚
471 1697 533 1738 sic
559 1696 630 1738 isti
664 1696 779 1736 illius
803 1695 988 1737 auctoris
1013 1694 1135 1735 verba
1157 1703 1342 1746 crepant.
1402 1692 1485 1734 Sed

261 1776 438 1818 missum
470 1771 673 1814 faciamus
698 1771 812 1812 istud
845 1772 1114 1811 imitatOsum
1148 1782 1313 1809 servum
1340 1778 1482 1824 pecus.

318 1850 548 1890 Videamus
570 1847 835 1900 peculiariter
863 1847 911 1888 de
938 1843 1220 1896 scriptoribus
1237 1874 1252 1895 a
1286 1845 1360 1896 qui
1385 1854 1480 1886 ante

262 1936 303 1969 et
334 1935 435 1979 post
470 1922 687 1965 Platonem
722 1922 910 1963 fuerunt.
969 1921 1121 1962 Adhuc
1147 1920 1312 1971 quidem
1338 1929 1483 1973 poste-

261 2004 350 2045 rius
376 2000 506 2053 magis
531 2011 690 2051 genus,
722 2006 770 2039 ut
795 1996 1014 2048 copiosius
1045 2005 1085 2037 et
1115 1996 1332 2048 paratius,
1363 1985 1483 2036 adhi-

259 2079 396 2120 bitum
430 2085 524 2123 cst,
567 2086 663 2115 cum
702 2086 724 2114 a
759 2072 965 2124 Criticis,
1006 2080 1094 2111 tum
1133 2083 1154 2110 a
1184 2068 1479 2121 philosophis.

257 2153 391 2196 Nosti
424 2151 531 2193 enim
569 2156 727 2200 quanto
759 2147 903 2190 studio
931 2156 1099 2200 postera
1137 2145 1274 2186 omnis
1312 2144 1476 2185 erudita

258 2229 517 2272 Graecorum
544 2223 886 2276 Latinorumque
919 2231 1028 2263 aetas
1055 2219 1199 2274 legerit
1234 2218 1481 2270 triveritque

258 2303 420 2355 scripta
446 2300 656 2344 Platonis:
687 2311 774 2340 non
800 2299 925 2340 modo
949 2295 1136 2339 omnium
1157 2305 1361 2338 sectarum
1383 2294 1484 2337 Phi·

258 2378 463 2429 losophi,
504 2376 575 2417 sed
613 2373 918 2425 Grammatici‚
960 2372 1194 2422 Rhetores,
1238 2370 1478 2421 Historici,

259 2455 493 2506 caeterique
517 2463 691 2502 omncs,
723 2460 770 2492 ut
794 2449 975 2503 quisque
1010 2447 1183 2489 maxime
1211 2446 1373 2488 dicendi
1402 2458 1476 2486 co·

260 2530 504 2589 gitandique
525 2526 766 2581 elegantiam
791 2523 1128 2569 consectabatur.
1167 2519 1306 2564 Habes
1332 2519 1375 2561 in
1392 2530 1477 2558 ma-

1411 2605 1480 2637 m·
