1693 3110
384 132 490 176 DE
560 129 995 181 UNITATE
1063 130 1238 174 DEI.
1338 135 1421 189 489

264 255 305 299 6.
345 254 476 295 Prima
512 264 577 294 est
622 252 664 293 in
701 251 908 305 principio
945 252 1233 304 Caussarum,
1276 265 1313 294 s.
1344 266 1419 295 ra-

209 332 336 372 tionis
358 331 616 386 sufficientis,
648 340 732 380 quo
763 336 910 372 natura
939 341 1018 370 nos
1042 330 1091 370 ab
1114 330 1218 382 ipsis
1247 329 1421 370 incuna-

214 407 325 446 bulis
351 406 515 447 imbuit.
576 405 683 459 Ejus
709 405 866 457 quippe
899 406 1097 457 principii
1127 417 1222 458 pars
1246 414 1335 455 est,
1368 414 1421 445 ne

210 483 307 535 plus
342 482 397 523 sit
432 482 474 523 in
504 493 650 524 caussa
687 492 810 532 quam
843 480 889 521 in
922 479 1103 532 elfectu3
1136 489 1263 532 atque
1290 488 1337 519 ut
1359 488 1421 517 re-

211 565 329 610 perta
358 568 504 597 caussa
540 556 683 597 idonea
707 566 747 596 et
774 554 1032 606 sufficiente,
1058 567 1109 596 ne
1144 555 1266 597 aliam
1306 564 1422 605 prae·

210 639 320 675 terea
345 642 603 683 quaeramus,
657 630 749 684 Jam
775 642 869 672 cum
903 631 1080 672 humana
1113 630 1301 684 cognitio
1321 641 1425 682 syn-

208 705 366 750 thetice
397 705 579 759 oriatur,
612 715 651 746 et
683 706 734 751 ab
768 703 920 745 effectu
944 706 995 746 ad
1018 716 1209 746 caussam
1251 705 1428 745 adscen-

209 781 308 832 dat,
339 794 461 824 metus
494 782 560 823 rei
589 794 739 824 caussa
770 779 919 823 idonea
945 789 1146 836 reperta,
1178 793 1258 822 non
1287 779 1423 823 aliam

209 859 414 912 requirit.
1005 859 1008 861 ’

267 945 311 985 7,
351 933 556 986 Reliquae
589 934 771 977 rationes
809 946 857 977 ex
891 935 1034 978 eodem
1067 945 1233 977 manant
1258 934 1418 988 princi·

208 1009 302 1062 pio.
363 1010 622 1064 Simplicitas
656 1011 889 1061 Naturae,
932 1023 1012 1063 qua
1037 1011 1210 1052 effectus
1243 1011 1346 1052 varii
1371 1022 1422 1051 ex

211 1093 302 1126 uno
335 1092 376 1123 et
412 1083 594 1135 simplici
632 1084 756 1126 initio
799 1084 1159 1137 proficiscuntur3
1194 1084 1319 1138 hujus
1347 1084 1425 1136 igi-

210 1166 282 1200 tur
305 1159 591 1213 simplicitatis
614 1173 685 1213 per
703 1170 834 1203 totam
854 1171 1041 1202 naturam
1064 1160 1323 1201 dominantis
1346 1161 1424 1200 ob-

208 1237 390 1278 servatio
414 1248 493 1277 nos
528 1238 745 1288 paullatim
772 1249 821 1277 eo
846 1237 1044 1288 adducit,
1078 1247 1122 1278 ut
1145 1246 1273 1281 totam
1301 1246 1424 1277 natu-

207 1323 292 1358 ram
316 1311 366 1353 ab
394 1312 518 1352 unico
544 1311 737 1368 subjecto
765 1323 928 1353 summe
949 1312 1206 1367 intelligente
1231 1311 1419 1355 effectam

206 1399 297 1434 esse
319 1389 578 1434 arbitremur.

266 1468 307 1507 8.
349 1465 504 1507 Um'tas
539 1463 714 1507 Mundi.
756 1477 860 1517 quae
891 1465 1057 1517 quidem
1094 1463 1253 1516 duplici
1290 1475 1421 1506 sensu

211 1542 343 1594 accipi
362 1549 528 1593 potest:
562 1540 739 1590 primum
769 1550 816 1580 ut
840 1552 926 1582 non
950 1541 1033 1582 nisi
1060 1539 1212 1581 unicus
1235 1539 1417 1580 mundns

212 1630 303 1660 esse
336 1616 503 1670 possit3
539 1616 653 1667 quoti
689 1627 942 1668 quamquam
975 1628 1046 1669 per
1068 1628 1112 1657 se
1141 1627 1293 1657 vanum
1324 1624 1416 1667 est,

205 1705 343 1742 tamen
386 1692 498 1745 apud
540 1691 775 1733 nonnullos
816 1692 1036 1743 homines,
1080 1691 1154 1743 qui
1193 1692 1258 1733 vel
1290 1690 1421 1733 Mun-

208 1772 306 1813 dum
331 1768 552 1821 complexu
574 1779 708 1809 rerum
732 1777 958 1810 creatarum
988 1767 1191 1810 definiunt
1207 1797 1221 1818 ,
1237 1767 1301 1807 vel
1323 1778 1419 1808 eum

206 1846 413 1899 ‚optimum
448 1854 486 1885 et
518 1845 693 1896 proinde
720 1844 890 1885 unicum
927 1856 1017 1884 esse
1051 1853 1272 1886 statuunt:
1306 1842 1419 1894 apud

204 1923 286 1969 hos
309 1921 436 1973 igitur
462 1920 562 1961 haec
596 1918 742 1960 mundi
768 1919 908 1960 unitas
942 1920 1102 1972 aliquid
1126 1920 1177 1960 ad
1207 1919 1283 1959 Dci
1326 1917 1420 1959 uni·

205 2008 332 2044 tatem
357 1996 490 2037 valere
522 2004 690 2047 potest:
729 1995 813 2037 vidi
846 1995 959 2038 Sect.
984 1995 1042 2038 V.
1103 1994 1264 2037 Deinde
1288 1994 1421 2035 Mun·

207 2076 287 2118 dus
309 2074 365 2114 ita
392 2083 499 2112 unus
523 2080 666 2123 potest
691 2070 802 2121 dici,
835 2081 882 2112 ut
915 2084 1060 2113 omnes
1091 2072 1182 2125 ejus
1207 2081 1344 2124 partes
1369 2069 1421 2111 ati

207 2162 339 2192 unum
363 2149 481 2189 finem
508 2148 672 2189 tendere
694 2157 734 2188 et
757 2147 973 2188 communi
1001 2146 1180 2189 vinculo
1208 2157 1421 2187 connexae

207 2236 299 2267 esse
335 2224 540 2266 dicantur.
602 2223 714 2265 Hinc
749 2222 942 2274 quamvis
975 2222 1055 2263 hoc
1090 2231 1252 2263 tantum
1278 2232 1421 2262 neces-

207 2301 316 2350 sario
348 2307 661 2351 consequatur,
704 2297 902 2339 mundam
936 2311 1017 2339 uno
1049 2297 1220 2339 consilio
1249 2296 1422 2349 factum

212 2388 295 2417 esse
316 2382 354 2414 et
377 2374 640 2430 gubernari,
671 2386 804 2426 neque
840 2383 980 2414 utrum
1012 2373 1092 2414 hoc
1121 2372 1347 2413 consilium
1379 2369 1422 2411 in

210 2463 297 2497 uno
324 2450 379 2492 sit
402 2450 623 2505 subjecto,
647 2462 699 2498 an
722 2451 765 2497 in
792 2448 1013 2505 pluribus3
1039 2457 1175 2491 tamen
1197 2445 1419 2502 paullatim

882 2524 965 2570 Hh
1010 2534 1035 2578 5
1375 2519 1423 2567 ab
