1693 3110
373 137 479 183 DE
546 133 980 180 UNITATE
1047 133 1216 178 DEI.
1316 135 1401 190 485

204 259 399 305 efficerem
417 288 433 309 ,
475 255 636 299 nullam
677 269 759 298 esse
798 262 1018 309 caussam,
1061 267 1195 311 quare
1230 255 1398 296 unicam

203 342 443 381 statuamus
474 345 555 374 csse
590 334 757 373 Deum:
785 333 857 373 sed
888 331 1002 382 hoc,
1033 340 1081 372 ut
1117 330 1401 379 ostenderem,
1433 319 1436 321 Δ

204 409 254 456 in
290 407 705 454 demonstrationibus
746 409 826 458 iis,
866 420 972 463 quas
1008 407 1217 462 hucusque
1260 406 1403 447 Meta·-

197 484 469 537 physicorum
494 483 749 536 excogitavit
785 481 1007 533 sollertia,
1036 491 1204 524 tantum
1235 482 1400 532 abesse,

201 569 253 602 ut
284 559 597 602 Mathematica
629 561 732 600 insit
765 562 1010 611 necessitas,
1042 570 1090 601 ut
1118 559 1404 615 potius-vitiis

200 634 394 681 laborent
412 636 692 690 gravissimis.
752 634 920 685 Credo,
951 635 1072 675 etiam
1107 647 1205 685 eos,
1235 634 1310 685 qui
1332 634 1407 676 ha-

205 721 299 753 rum
345 710 748 753 demonstrationum
775 709 879 751 vitia
911 722 997 751 non
1033 710 1226 760 videant,
1268 719 1404 750 tamen

207 785 373 827 nullum
398 797 446 828 ex
470 786 524 828 iis
559 786 771 839 percipere
797 783 1117 827 Mathematicae
1146 786 1412 828 necessitatis

209 872 396 904 sensum.
466 862 596 917 Quod
629 862 667 903 si
712 860 840 914 igitur
881 860 954 902 isti
990 862 1157 911 dicant,
1198 874 1283 905 non
1320 872 1412 902 esse

206 936 394 978 omnium
434 938 651 978 hominum
671 967 686 989 ‚
731 936 901 987 assequi
933 936 1315 989 metaphysicorum
1343 949 1409 977 ar-

202 1020 495 1067 gumentorum
544 1012 849 1056 subtilitatemz
893 1024 980 1054 non
1020 1023 1224 1065 repugno.
1293 1013 1406 1054 Dico

198 1088 323 1135 etiam
349 1097 390 1130 et
415 1086 576 1140 fateor,
601 1089 644 1129 in
667 1088 790 1129 rebus
813 1087 1125 1130 Mathematicis
1153 1086 1255 1128 mihi
1275 1098 1407 1138 quae-

202 1163 295 1206 dam
325 1164 574 1209 theoremata
599 1163 855 1211 incredibilia
883 1162 972 1208 visa
997 1174 1117 1220 esse,
1148 1163 1279 1217 veluti
1306 1176 1407 1216 qua.

199 1241 362 1282 dratum
396 1239 716 1292 hypothenusae
752 1238 922 1291 aequale
951 1249 1044 1280 esse
1079 1238 1290 1290 quadratis
1332 1251 1402 1280 ca·

203 1315 436 1357 thetorum.
496 1314 577 1356 Sed
607 1313 962 1356 demonstratione
992 1312 1213 1364 confecta,
1243 1313 1306 1355 nil
1341 1325 1402 1354 re-

202 1389 396 1433 manebat
431 1389 578 1438 dubii:
619 1389 851 1431 sentiebam
884 1389 1199 1436 mathematicae
1229 1390 1402 1431 demon-

200 1462 421 1506 strationis
460 1461 751 1511 necessitatem
777 1474 823 1503 ac
851 1461 953 1508 vim,
983 1488 985 1492 s
1012 1461 1404 1514 Metaphysicaruzn

202 1537 634 1588 demonstrationum,
666 1546 774 1577 certe
798 1535 1096 1589 plurimarum,
1129 1537 1209 1578 alia
1243 1547 1305 1582 est
1337 1550 1400 1582 ra.

201 1613 281 1660 tio,
340 1614 509 1663 Atque,
540 1619 586 1651 ut
618 1611 795 1664 ingenue
820 1620 994 1652 mentem
1035 1623 1162 1657 meam
1195 1614 1402 1666 aperiam,

199 1687 371 1732 videtur
397 1688 501 1728 mihi
526 1689 763 1729 necessaria
784 1689 1068 1741 conclusione,
1098 1703 1206 1745 qaae
1228 1690 1407 1733 Alathe-

200 1766 384 1805 matt'cae
426 1766 684 1805 necessitatis
725 1776 915 1814 numeros
959 1766 1139 1817 habeat,
1188 1767 1286 1821 effici
1311 1782 1403 1813 non

193 1850 334 1896 posse,
376 1852 457 1880 non
493 1852 573 1880 esse
596 1851 716 1895 posse
749 1842 832 1881 nisi
865 1841 1032 1883 unicum
1070 1843 1221 1886 Deum.
1266 1846 1403 1889 >Nam

199 1916 520 1969 Metaphysica,
552 1917 622 1958 cui
659 1917 727 1960 hic
758 1918 881 1960 locus
918 1919 1135 1974 subjectus
1170 1930 1263 1974 est,
1294 1922 1402 1966 hanc

197 1991 511 2041 demonstrandi
545 1992 652 2034 viam
691 1993 989 2046 sequitur3-ut
1026 2008 1075 2038 ex
1104 1996 1192 2039 idea
1226 1996 1406 2040 Generis

198 2067 456 2119 concludat,
493 2068 596 2119 quid
623 2069 663 2110 in
689 2070 776 2122 eJ‘us
812 2069 986 2122 Generis
1014 2070 1164 2119 formis
1183 2084 1308 2126 atque
1342 2075 1405 2116 in·-

200 2145 390 2195 dividuis
414 2145 552 2187 inesse
579 2145 748 2187 debeat:
783 2145 952 2189 minime
976 2159 1073 2189 vero
1094 2161 1282 2201 eousque
1308 2164 1405 2202 pro·

200 2222 316 2275 gredi
350 2231 517 2274 potest,
558 2232 663 2275 quot
702 2221 787 2263 sint
823 2223 1002 2277 aliqu'us
1037 2223 1211 2266 Generis
1250 2226 1403 2278 indivis

200 2297 298 2346 dua.
357 2296 500 2349 Itaque
535 2310 585 2340 ex
621 2299 708 2340 idea
742 2298 850 2349 Dei,
893 2299 1182 2346 ratiocinando
1216 2302 1402 2354 invenire

196 2385 427 2431 possumus
464 2375 662 2426 quaedam
699 2376 789 2431 eJus
822 2376 1048 2424 attributaz
1090 2378 1258 2423 minime
1298 2392 1398 2426 vero

197 2449 297 2499 haec
326 2449 556 2509 attributa,
585 2451 629 2497 in
655 2464 782 2498 unum
807 2452 1005 2503 duntaxat
1028 2453 1318 2508 individuum,
1343 2466 1400 2501 ³¹11

772 2528 853 2572 Hh
897 2540 923 2589 3
1327 2541 1400 2578 VQQ
