1693 3110
365 171 472 217 DE
541 167 978 214 UNITATE
1045 155 1214 214 DEI.
1308 164 1397 227 479²

205 292 505 336 ostendendum
531 321 548 344 ,
580 286 753 344 'praeter
794 289 1003 332 Mundum
1039 291 1145 334 nihil
1176 304 1282 336 esse.
1352 291 1402 334 Si

209 367 412 409 mundum
441 367 593 409 volunt
623 377 718 408 esse
744 367 998 422 complexum
1025 376 1064 409 et
1095 381 1296 410 summam
1319 380 1404 409 om-

204 445 321 484 nium
356 455 530 494 rerum,
559 454 668 498 qaae
701 450 827 484 sunt:
856 442 936 484 hoc
970 443 1104 496 ipsum
1137 454 1203 485 est
1236 445 1408 486 demon·

205 517 420 559 strandum
447 529 462 570 3
506 516 576 558 alii
611 516 811 569 quidem,
851 516 895 558 in
932 517 1076 569 primis
1107 517 1362 561 Leibnitiani
1389 549 1406 571 ‚

203 588 419 633 Mundum
443 591 672 643 definiunt,
705 598 864 634 summa
895 605 1037 634 reram
1055 592 1281 645 finitarum
1299 607 1408 635 com-

204 670 325 708 mum·
344 667 510 710 vinculo
536 680 840 711 connexarum.
901 668 1047 721 Itaque
1072 669 1150 711 hos
1173 669 1409 714 audiamus,

207 737 397 785 Wolfius
429 743 583 786 Theoi.
619 743 720 786 Nat.
751 744 799 786 P.
825 742 858 788 I.
893 745 936 797 ἕ.
965 744 1084 788 1106.
1136 774 1163 796 ,‚
1195 744 1416 797 Mundus,

209 843 237 869 ,‚
265 816 352 869 ait,
393 820 466 873 qui
502 819 672 870 existit,
704 832 773 859 ens
806 833 934 861 unum
966 828 1052 872 est,
1084 828 1124 861 et
1157 827 1287 861 totam
1323 819 1413 861 ali·

208 919 237 944 „
267 892 406 947 quod,·
437 907 487 933 ac
509 893 600 935 ideo
624 896 669 935 νὶ
695 892 1097 938 demonstrationum
1124 896 1415 946 anteriorum,

211 994 239 1018 „
269 969 477 1008 rationem
506 967 795 1022 sufficientem,
827 982 953 1024 quam
986 972 1033 1010 in
1070 983 1111 1010 se
1136 972 1222 1025 ipso
1244 970 1430 1011 minime·

212 1069 240 1094 „
269 1041 421 1093 habet,
451 1043 497 1082 in
517 1056 597 1084 uno
622 1042 738 1084 Ente
770 1057 797 1084 a
820 1057 887 1095 sc,
917 1044 988 1086 cui
1022 1044 1258 1085 intellectus
1284 1055 1417 1099 pror-

211 1144 240 1170 „
267 1130 333 1159 sus
356 1118 602 1160 illimitat-as
624 1132 676 1159 ac
701 1122 893 1175 potentia
922 1120 1121 1161 creatrix
1145 1132 1195 1160 ac
1216 1118 1418 1161 illimita-

212 1220 240 1245 ‚‚
269 1200 318 1233 ta
352 1196 574 1250 competit,
616 1197 824 1235 rationem
858 1195 1161 1245 actualitatis,
1203 1198 1289 1238 sive
1325 1197 1418 1237 exi-

213 1295 241 1320 „
270 1270 449 1309 stantiae
493 1280 594 1310 suae
613 1299 628 1320 ‚
681 1269 942 1324 sufficientem
989 1271 1190 1325 agnoscit.
1259 1268 1417 1324 Quare

213 1371 241 1396 „
268 1357 361 1386 cum
381 1357 461 1385 non
483 1342 746 1387 admittatur
771 1345 908 1396 Deus,
937 1347 1019 1386 nisi
1037 1353 1240 1401 quatenus
1262 1345 1418 1388 admit-

213 1447 242 1471 „
271 1422 383 1462 titur
414 1420 505 1462 Ens
537 1433 564 1460 a
596 1431 666 1471 se,
696 1421 742 1460 in
774 1433 851 1475 qao
876 1421 1072 1475 sufficiens
1098 1423 1212 1461 ratio
1237 1423 1421 1463 existen·

216 1524 243 1548 ,‚
271 1497 386 1547 tiae,
425 1496 702 1549 contingentis
744 1494 866 1546 bajas
910 1494 1111 1536 Universi
1143 1496 1416 1551 continetur,-

216 1598 245 1622 „
273 1583 380 1611 anus
405 1583 564 1626 quoque
587 1568 871 1610 tantummodo
892 1568 1026 1611 datur
1047 1567 1212 1611 Deus.”
1247 1570 1292 1611 Si
1313 1583 1418 1612 con-

211 1646 434 1696 cedamus,
467 1645 666 1686 mundum
701 1654 791 1685 esse
814 1655 900 1685 non
925 1643 1006 1685 nisi
1036 1656 1193 1696 unum3
1225 1645 1286 1686 nil
1310 1645 1416 1687 novi

211 1720 308 1763 inde
340 1719 556 1761 efficietur.
624 1717 734 1759 Nam
775 1718 852 1760 erit
885 1718 1060 1761 effectus
1091 1720 1156 1761 vis
1195 1721 1414 1775 cujusdam

214 1796 460 1846 creatricis;
493 1795 606 1847 quod
626 1795 708 1848 jam
735 1803 854 1835 antea
877 1795 1002 1835 nobis
1023 1803 1110 1837 erat
1132 1806 1411 1848 compertum.

213 1871 295 1912 Sed
320 1871 418 1912 haec
441 1870 507 1912 vis
545 1869 719 1911 creatrix
745 1878 883 1910 utrum
919 1868 976 1910 sit
1009 1868 1054 1910 in
1082 1881 1169 1912 uno
1196 1870 1418 1925 subjecto,

214 1960 267 1992 an
302 1947 344 1989 in
378 1946 605 1999 pluribus,
636 1954 723 1987 non
753 1943 988 1986 definietur.
1045 1944 1106 1986 Ut
1127 1944 1226 1987 haec
1250 1945 1420 1999 quidem

213 2020 520 2074 argumentatio
550 2020 691 2062 eodem
728 2019 895 2070 redeat,
929 2030 1016 2070 quo
1042 2015 1342 2073 Tfillneriana‚
1372 2021 1425 2064 de

217 2109 300 2150 qua
336 2097 462 2139 modo
491 2097 569 2149 (n.
595 2096 673 2150 3.)
702 2095 917 2146 diximus,
947 2103 987 2135 et
1014 2106 1059 2135 ea
1087 2106 1193 2147 quae
1214 2108 1237 2138 a
1260 2095 1422 2139 Neces-

221 2175 347 2218 sitate
369 2175 592 2230 repetitur,
625 2187 747 2227 quarn
778 2174 1052 2228 exposuimus
1077 2187 1204 2230 supra
1234 2175 1348 2220 Sect.
1381 2179 1417 2220 Ι.

220 2251 299 2294 Sed
326 2264 411 2294 non
436 2264 717 2306 repugnamus
740 2264 883 2303 nunc,
904 2251 1007 2304 quin
1030 2251 1098 2294 hic
1123 2261 1266 2295 noster
1288 2253 1424 2296 Mun<

220 2326 302 2367 dus
337 2326 388 2368 ab
419 2339 534 2379 uno,
564 2340 700 2380 neque
732 2340 753 2369 a
786 2327 1010 2380 pluribus,
1047 2327 1185 2370 factus
1217 2329 1272 2371 sit
1309 2330 1420 2373 Deo,

223 2402 339 2455 Quid
364 2412 463 2443 vero
486 2403 521 2443 si
547 2405 685 2455 plures
712 2415 802 2445 esse
825 2402 978 2445 Mundi
1005 2405 1222 2456 possunt?
1270 2406 1316 2446 Si
1341 2407 1422 2448 hoe

222 2484 318 2531 cst5
348 2476 489 2529 plures
518 2478 644 2523 etiam
677 2477 749 2523 Dii
778 2489 869 2521 esse
902 2487 1131 2534 poterunt:
1165 2489 1206 2522 et
1241 2481 1422 2533 quilibet

1295 2557 1429 2599 Mun·
