1693 3110
337 199 427 261 ‘368
610 186 615 191 '
713 186 1189 246 *utEMoRIA'

335 321 515 379 'quibus
542 332 671 372 quum
701 318 758 363 sit
782 319 1002 374 multiplex
1023 322 1202 376 partium
1223 322 1419 381 varietas,
1449 327 1553 370 haee

349 401 402 442 ad
428 406 610 451 quatuor
634 407 779 450 genera
801 404 842 437 et
870 396 989 448 quasi
1024 409 1151 449 pensa
1176 405 1406 442 revocatur.
1462 402 1554 444 Pri-

350 486 464 517 mum
500 480 670 516 constat
686 472 869 524 ipsarum
893 482 1085 514 accurata
1108 473 1349 526 cognitione
1369 473 1557 529 Lingua-

350 568 473 607 rum.,
505 553 779 608 comparanda
802 552 1081 607 grammaticis
1106 554 1338 607 praeceptis
1355 584 1370 606 ,
1395 564 1435 596 et
1459 554 1564 596 scri·

355 630 553 686 proi-ibus
589 629 775 681 antiquis
813 629 1031 682 diligenter
1068 629 1417 683 interpretandis:
1460 631 1561 671 alte-

356 719 449 750 rum
471 737 485 758 ‚
512 705 703 748 Historia
724 705 981 758 populorum
1006 713 1046 744 et
1067 714 1199 744 rerum
1226 713 1460 758 gestarum:
1481 713 1563 747 tet-

361 784 496 835 tiutn,
533 781 775 823 recensione
801 790 982 822 veterum
1008 789 1224 822 auctorum
1251 789 1290 821 et
1314 789 1561 824 monumen-

356 869 527 902 torum:
562 866 754 910 quartum
773 886 789 907 ,
819 855 1178 908 Antiquitatibus.
1236 855 1356 911 Quae
1379 866 1564 910 quatuor

358 947 488 988 quum
515 933 675 977 nostris
699 933 742 974 in
763 932 922 974 scholis
943 932 1184 983 tradantur,
1207 932 1284 974 has
1301 933 1465 975 discens
1487 944 1566 974 au-

352 1011 438 1054 diet
476 1021 514 1052 et
548 1009 717 1053 assidue
737 1019 777 1051 et
805 1018 987 1062 attente,
1016 1017 1056 1050 et
1090 1008 1277 1060 quotidie
1308 1009 1423 1051 domi
1444 1021 1563 1063 repe-

352 1096 441 1129 tet:
486 1087 583 1129 dico
622 1086 835 1143 quotidie,
866 1086 963 1140 quia
993 1087 1077 1130 nisi
1106 1085 1297 1139 repetitio
1332 1088 1471 1129 eodem
1508 1086 1561 1129 fit·

354 1165 420 1207 die
443 1195 457 1217 ‚
500 1166 631 1206 multa
668 1175 775 1216 quae
814 1164 971 1206 docens
1009 1164 1130 1206 utilia
1175 1165 1225 1207 ad
1256 1164 1558 1218 proficiendum

353 1241 586 1291 disseruit,
615 1252 691 1281 nec
725 1248 863 1281 tamen
886 1238 1087 1289 dictavit,
1120 1239 1274 1280 recenti
1307 1237 1557 1280 recordatio-

350 1329 404 1360 ne
425 1318 467 1359 in
497 1326 674 1357 mentem
712 1316 911 1365 redeunt,
943 1323 982 1356 et
1014 1314 1132 1366 quasi
1161 1316 1183 1356 ὲ
1208 1313 1309 1368 fuga
1341 1314 1564 1356 retrahun-

347 1401 447 1445 tur3
489 1392 615 1434 dilata
654 1399 789 1432 autem
833 1390 1108 1443 repetiti0ne‚
1138 1403 1187 1432 ex
1224 1391 1419 1432 memoria
1449 1392 1563 1433 efflu-

359 1477 466 1519 unt,
497 1477 563 1518 et,
595 1465 885 1509 irrevocabilia
917 1474 1186 1508 evanescunt.
1247 1466 1338 1508 Nec
1372 1467 1474 1508 satis
1498 1476 1562 1509 est

355 1546 567 1599 cujusque
590 1542 671 1585 diei
696 1541 883 1583 scholam
914 1541 1042 1582 semel
1063 1549 1102 1582 et
1126 1541 1266 1582 eodem
1290 1543 1354 1584 die
1376 1544 1563 1596 repetiis-

359 1632 431 1662 se:
465 1619 633 1661 schoiae
662 1617 812 1669 quavis
851 1608 1105 1659 hebdomade
1136 1616 1328 1669 habitae,
1359 1618 1562 1662 iterandae

355 1696 438 1738 sub
464 1695 586 1737 finem
611 1693 910 1736 hebdomadis:
945 1693 1113 1734 scholae
1139 1692 1347 1748 cujusque
1375 1694 1564 1746 mensis,

356 1772 566 1815 iterandae
600 1779 775 1812 exeunte
807 1781 969 1811 mense:
1017 1768 1185 1811 scholae
1224 1763 1560 1823 trimestris-spa-

354 1847 431 1897 tii,
463 1846 545 1887 sub
568 1845 696 1898 huius
718 1844 874 1885 exitum
901 1843 1159 1885 recoicndae:
1193 1844 1361 1886 scholae
1381 1843 1561 1894 denique

346 1920 486 1962 totius
516 1919 643 1961 annui
669 1917 788 1971 pensi
812 1917 926 1959 feriis
958 1915 1130 1959 aestivis
1161 1917 1397 1970 relegendae
1431 1915 1560 1979 medi-

350 1997 581 2048 tandaeque
617 2003 733 2036 sunt.
794 1994 912 2035 Adeo
947 1992 1047 2033 haec
1072 1992 1334 2045 repetitionis
1359 1993 1559 2035 exercita·

351 2072 442 2124 tio,
474 2081 521 2113 ut
545 2070 589 2113 in
615 2070 814 2114 omnibus
838 2070 962 2112 rebus
989 2070 1169 2111 multum
1187 2099 1202 2121 ,
1231 2070 1294 2111 sic
1323 2068 1366 2111 in
1402 2069 1558 2112 studiis

352 2148 583 2202 plurimum
626 2148 761 2189 valet:
793 2155 834 2189 et
870 2137 1072 2200 paulatim
1099 2147 1142 2188 in
1174 2146 1553 2198 consuetudinem,

352 2234 403 2264 ex
436 2220 742 2264 consuetudine
775 2233 911 2264 autem
944 2222 986 2263 in
1016 2231 1201 2263 naturam
1240 2231 1279 2262 et
1302 2219 1459 2262 firmam
1497 2220 1556 2262 rei

350 2298 570 2340 discendae
604 2297 916 2350 possessionem
942 2297 1046 2339 abit.
1106 2295 1243 2337 Habet
1285 2295 1354 2336 ilia
1387 2295 1556 2348 quidem

352 2374 514 2425 aliquid
549 2375 806 2428 exceptionis
850 2383 890 2415 et
916 2372 1126 2415 varietatis
1150 2385 1227 2425 pro
1253 2371 1447 2413 varietate
1470 2370 1558 2411 dis·

353 2450 487 2492 centis
505 2458 545 2490 et
571 2451 788 2493 materiae:
821 2449 855 2491 si
894 2451 968 2501 qui
1006 2458 1141 2491 tamen
1167 2461 1252 2490 eam
1276 2449 1551 2500 despexerunt

357 2535 409 2568 ut
452 2527 657 2571 tardarunt
701 2526 937 2570 subsidium
969 2536 1221 2584 ⁸natu-rarum
1247 2555 1263 2577 ,
1315 2506 1559 2578 cujusmddi

1449 2606 1559 2637 con-
