1693 3110
247 214 334 273 3⁸0
536 208 1141 257 DISPUTATIO

250 337 405 380 liariter
436 334 494 377 'de
537 334 620 375 hoc
657 333 755 376 loco
789 332 995 387 disputari
1031 330 1260 376 voluistis:
1306 341 1346 376 et
1381 345 1463 389 ego

249 412 310 454 ita
337 423 401 453 me
421 418 581 451 vestrae
601 408 812 450 voluntati
844 408 1162 451 satisfacturum
1202 420 1355 462 spero,
1385 411 1452 461 si,

249 485 366 528 facto
399 484 523 526 initio
560 484 610 524 ab
645 483 956 536 antiquissimis
992 482 1250 526 Graecorum
1272 513 1289 536 ‚
1330 484 1462 539 hujus

248 558 395 613 placiti
418 558 553 602 veluti
586 557 802 604 historiam
835 572 910 612 per
938 560 1073 603 varias
1098 559 1456 612 philosophorum

247 634 434 677 familias
483 644 623 686 usque
663 635 714 676 ad
750 635 978 676 recentiora
1017 644 1205 687 tempora
1239 635 1458 678 deducam.

247 710 453 764 Cognitis
482 709 589 751 enim
624 709 846 751 sententiis
883 708 973 764 ejus
999 711 1165 764 gentis,
1198 722 1304 765 quae
1327 710 1464 763 pluri-

252 796 347 829 mos
377 785 478 827 fecit
524 785 567 827 in
600 783 876 836 Philosophia
914 798 1198 840 progressus,
1228 784 1353 827 facsse
1385 785 1465 830 erit

253 862 304 905 de
333 862 586 914 reliquarum
620 860 806 914 gentium
838 860 1118 913 opinionibus
1150 862 1401 904 existimare.

309 937 379 980 Ex
420 948 594 979 numero
631 947 810 988 eorum,
855 948 1036 988 quorum
1086 937 1243 989 scripta
1277 937 1484 979 comme-'

251 1021 469 1056 morentur
512 1025 534 1053 a
581 1010 793 1064 posteris,
837 1023 961 1053 nemo
1006 1022 1070 1054 est
1115 1012 1331 1064 antiquior
1371 1025 1468 1053 on-

253 1101 441 1138 1211130,
484 1086 557 1138 qui
592 1085 900 1140 Mysteriorum
939 1086 1138 1130 rationem
1173 1086 1347 1129 Graecis
1380 1095 1467 1127 tra-

256 1163 417 1205 didisse
436 1171 477 1203 et
497 1162 689 1203 versibus
714 1162 764 1203 ad
786 1162 1074 1214 posteritatem
1107 1174 1361 1217 propagasse
1385 1159 1468 1203 fer-

259 1248 352 1280 tur.
408 1236 547 1279 Patres
580 1237 746 1289 quidem
771 1237 1091 1290 Ecclesiastici‚
1123 1250 1233 1290 quos
1258 1240 1299 1279 in
1329 1248 1464 1291 repre-

249 1313 464 1355 hendenda
499 1311 756 1354 Graecorum
793 1312 1057 1366 Theologia‚
1091 1325 1215 1355 nemo
1243 1313 1366 1353 facile
1397 1310 1464 1353 ni-

256 1390 363 1432 miae
396 1388 579 1431 lenitatis
605 1400 800 1429 accusare
824 1389 991 1439 possit,
1023 1387 1187 1441 aliquot
1214 1400 1360 1429 versus
1384 1386 1468 1428 Or-

254 1466 409 1520 phicos
435 1472 666 1504 memorant
681 1492 696 1513 ,
729 1461 889 1515 quibus
912 1462 1063 1505 diserte
1082 1464 1325 1506 enuntiatur
1345 1464 1465 1505 Unus

252 1553 345 1584 esse
378 1540 523 1581 Deus:
553 1537 685 1579 veluti
717 1537 789 1587 Εἷς
825 1538 913 1583 ἐστ’
942 1540 1188 1589 αὖτογενῆς·
1218 1541 1297 1585 ἐνὸς
1321 1538 1465 1588 ἔκγονοι

253 1619 391 1662 mir&
423 1616 614 1660 τέτυκται.
660 1613 736 1665 qui
774 1622 838 1656 est
882 1613 995 1666 apud
1038 1611 1254 1667 Justinum
1282 1614 1347 1655 M.
1379 1615 1467 1656 Ad-

254 1694 371 1736 hort.
405 1704 453 1744 p.
481 1702 551 1743 15.
577 1689 634 1731 D.
667 1698 707 1729 et
739 1688 966 1742 plerosque
1006 1698 1183 1730 ceteros
1256 1688 1379 1730 Alios
1419 1691 1464 1732 in

254 1770 426 1812 eandem
473 1764 719 1809 sententiam
759 1777 909 1808 versus
943 1775 991 1806 ex
1022 1763 1216 1806 Patribus
1255 1765 1460 1807 collectos

254 1846 382 1887 edidit
433 1842 651 1885 Gesnerus
699 1840 741 1882 in
784 1840 1044 1891 Fragmentis
1084 1839 1316 1891 Orphicis:
1357 1853 1467 1892 quos

257 1920 424 1974 quidem
451 1928 596 1959 ornnes
630 1915 682 1955 iis
707 1915 960 1956 remittimus
976 1943 991 1965 ,
1023 1914 1182 1967 quippe
1204 1916 1314 1957 haud
1339 1915 1466 1957 dubie

257 1993 477 2050 profectos
532 2003 582 2032 ex
627 1990 697 2043 pia
742 1990 1087 2034 Christianorum
1133 1990 1290 2034 fraude.
1368 1989 1466 2032 Hoc

257 2082 389 2113 unum
411 2068 642 2118 volumus,
673 2067 752 2109 hos
775 2078 949 2117 versus,
982 2078 1233 2118 quamquam
1260 2066 1464 2118 spurios,

256 2147 307 2189 ab
364 2144 551 2197 Orphica
596 2143 787 2185 doctrina
842 2154 928 2185 non
975 2142 1211 2185 abhorrere.
1280 2142 1469 2184 Primum

260 2221 378 2274 quod
405 2231 458 2262 ne
487 2219 627 2261 Patres
653 2219 825 2272 quidem
859 2219 909 2260 iis
937 2218 1001 2260 usi
1027 2229 1195 2270 essent,
1226 2218 1261 2260 si
1287 2231 1349 2260 res
1375 2219 1469 2271 ipsa

258 2306 302 2339 et
337 2296 444 2337 ratio
481 2307 552 2336 eos
589 2294 837 2348 repudiaret.
911 2294 1072 2336 Deinde
1104 2295 1219 2346 quod
1257 2294 1325 2336 alii
1360 2295 1472 2337 haud

262 2371 490 2414 dissimiles
510 2382 662 2412 versus
697 2384 718 2412 a
754 2369 1007 2412 'certioribus
1041 2370 1261 2410 laudantur
1287 2370 1470 2423 scripto·

258 2449 406 2493 ribus:
450 2458 494 2488 v.
531 2458 572 2488 c.
621 2454 768 2487 auctor
812 2446 999 2496 librifdc
1039 2445 1233 2496 Mundo,
1277 2446 1376 2498 qui,
1421 2455 1469 2487 ut

259 2537 354 2570 ,non
387 2530 451 2565 est
483 2520 768 2575 Aristoteles,
800 2523 858 2566 ita
892 2523 997 2565 satis
1034 2531 1099 2564 est
1138 2524 1363 2575 antiquus:
1397 2519 1481 2561 hic'

298 2604 300 2607 '
1390 2605 1468 2652 lgb’
