1693 3110
416 172 1152 221 ADLYNDENUM.
1322 189 1402 234 15³

175 299 251 345 cia
277 295 384 339 dare
416 306 454 338 et
479 299 697 353 accipere:
728 307 850 348 saepe
876 307 1037 339 mecum
1061 307 1259 348 reputans
1292 296 1400 339 illud

185 373 512 431 Pythagoricum
528 404 544 425 ,

223 495 288 543 Πῇ
314 489 519 541 παρέβηνς
551 488 591 531 ’τί
615 485 652 530 δ’
671 486 814 541 ἔρεξας
846 488 886 531 τί
903 487 968 539 μοὶ
990 488 1073 531 δέον
1096 490 1165 533 οὐκ
1189 489 1404 541 ἐτελέσθης

185 611 226 643 et
243 602 449 656 J'udicium
473 601 524 642 de
552 612 616 646 me
648 600 741 654 ipse
768 600 998 642 instituens
1020 612 1070 642 ex
1094 602 1166 644 illa
1193 601 1405 656 formula,

224 716 356 759 Δειλόι
378 716 451 767 μὲν
476 716 678 769 ἕκπρήξοις
701 715 962 766 ἐπιπλήσσω·
990 716 1150 769 χρηστοὶ
1175 717 1215 759 δὲ
1239 715 1405 770 τέρπευι

185 840 297 874 recte
308 831 446 885 factis
469 833 654 874 laetatus
677 844 791 880 sum,
824 843 936 873 secus
948 829 1087 882 factis
1113 828 1246 872 dolui.
1307 829 1411 871 Om-

187 907 323 956 nino,
354 907 437 949 nisi
476 918 562 948 mea
596 916 710 947 sorte
741 915 968 964 contentus
1005 904 1178 957 vivam,
1215 904 1408 959 ingratus

187 993 281 1036 erga
299 982 448 1037 Jovem
474 982 680 1035 reperiar:
715 981 789 1034 qui
814 994 863 1023 ex
886 981 1054 1023 duobus
1078 982 1206 1023 doliis
1240 982 1286 1024 in
1317 983 1409 1037 eJus

182 1057 291 1100 atrio
324 1058 510 1114 positis,
546 1059 654 1101 unde
685 1057 769 1100 fata
807 1058 1028 1101 hominum
1069 1054 1247 1110 miscet,
1277 1059 1409 1104 altero

183 1133 311 1185 pleno
346 1132 502 1185 bonis,
534 1134 664 1180 altero
709 1133 828 1178 malis
849 1164 862 1184 ‚
894 1135 994 1187 plus
1030 1133 1133 1175 mihi
1157 1146 1206 1175 ex
1238 1133 1410 1176 meliore

185 1219 308 1266 quam
335 1208 475 1262 pejore
496 1207 673 1253 infudit.
719 1208 801 1251 Sed
826 1209 928 1250 satis
949 1209 999 1251 de
1022 1222 1110 1262 me3
1136 1222 1188 1252 ne
1209 1210 1304 1262 quis
1320 1210 1409 1252 Da·

180 1272 259 1324 vus
284 1282 485 1338 objiciat:
516 1282 756 1339 idpopulus
777 1293 906 1331 curat
927 1284 1105 1329 scilicet.

237 1357 402 1410 Patria,
434 1358 470 1399 si
494 1370 722 1409 umquam,
755 1368 860 1401 tunc
890 1369 1001 1401 certe
1024 1360 1227 1414 florebatg,
1258 1361 1297 1404 si
1318 1362 1405 1405 hoc

180 1444 246 1476 est
274 1434 451 1487 florere,
484 1444 532 1476 ut
559 1434 756 1490 profecto
781 1446 875 1488 est,
906 1435 1068 1479 divitiis
1091 1447 1130 1478 et
1152 1437 1309 1490 opibus
1331 1450 1409 1491 per

183 1521 452 1553 mercaturam
478 1512 656 1554 affiuere.
716 1512 837 1554 Bello
863 1513 1061 1565 flagrante
1102 1512 1403 1555 Britannorum

179 1588 383 1629 adversus
411 1601 513 1631 suos
540 1590 720 1630 colonos
746 1590 1015 1631 Americanos
1033 1619 1047 1640 ,
1080 1601 1310 1641 eorumque
1333 1589 1405 1637 de-

178 1663 400 1714 fensores,
431 1664 521 1722 ipsa
547 1676 590 1704 se
623 1674 861 1711 neutrarum
889 1665 1074 1718 partium
1100 1678 1276 1718 gerens,
1307 1665 1400 1707 fru-

179 1750 295 1783 ctum
322 1750 577 1789 commeatus
600 1741 650 1787 ab
678 1742 870 1793 utrisque
893 1741 1160 1794 percipiebat.
1203 1741 1315 1784 Cum
1337 1743 1400 1784 di-

179 1817 297 1859 vitiis
323 1818 436 1868 apud
460 1817 618 1857 multos
646 1817 860 1863 crescebat
886 1818 1069 1861 luxuries
1105 1826 1147 1859 et
1172 1818 1396 1869 superbla:

179 1891 301 1941 multi
336 1892 565 1945 surgebant
596 1892 846 1942 νεόπλουτοι,
877 1890 952 1943 qui
986 1890 1068 1931 sibi
1096 1900 1297 1932 terrarum
1321 1892 1400 1933 do-

178 1968 284 2010 mini
317 1969 586 2020 viderentur,
619 1980 698 2015 nos
731 1966 945 2009 doctrinae
969 1967 1189 2009 studiosos
1211 1969 1298 2009 alto
1323 1979 1400 2011 su-

177 2035 355 2102 Percilio
379 2048 667 2101 despicerent,
699 2055 739 2088 et
762 2046 845 2087 fere
867 2046 973 2088 illud
994 2056 1238 2098 creparent,

238 2161 275 2203 Ο
297 2162 434 2213 cives,
462 2162 600 2204 cives!
630 2159 874 2217 quaerenda
890 2160 1073 2215 pecunia
1089 2162 1283 2216 primum
1306 2169 1396 2202 cst:

223 2239 377 2281 Virtus
393 2248 488 2295 post
516 2251 715 2281 nummos.

181 2350 327 2393 Plures
351 2359 486 2392 tamen
511 2363 624 2394 erant
653 2353 753 2394 boni
784 2353 895 2407 viri,
923 2353 1268 2410 παλαιόπλουτρς,
1293 2352 1402 2396 divi·

183 2427 256 2470 tiis
284 2428 441 2469 assueti
467 2436 507 2470 et
531 2439 639 2471 recte
664 2439 856 2480 utente5‚
886 2431 997 2482 apud
1024 2442 1134 2482 quos
1158 2429 1403 2483 frugalitas,

186 2502 420 2557 modestia,
461 2503 715 2560 liberalitas,
760 2503 1062 2560 beneficentia,
1106 2504 1295 2560 vigeret,
1325 2505 1402 2546 do·

809 2581 848 2627 K
877 2592 906 2633 5
994 2593 1000 2599 ·
1307 2582 1407 2625 ctri-
