1736 3126
200 296 645 369 DANIELIS
689 300 1422 366 WYTTENBACHH

572 470 1057 516 EPISTOLA

764 642 856 673 AD

300 780 508 841 PHIL.
552 789 765 857 GUIL.
809 806 926 838 VAN
979 787 1324 838 HEUSDE.

550 1091 632 1121 EX
701 1088 1077 1120 EDITIONE

268 1212 627 1249 SPECIMINIS
670 1212 905 1247 CRITICI
943 1211 1002 1245 IN
1034 1208 1357 1249 PLATONEM

445 1339 498 1385 H
569 1340 613 1386 E
686 1339 733 1385 U
805 1338 837 1382 S
913 1337 961 1382 D
1038 1338 1062 1383 I
1133 1338 1192 1401 I,

593 1482 729 1526 Praef.
770 1493 870 1536 pag.
915 1493 1046 1523 xxv.

214 1566 405 1686 Quod
431 1621 594 1672 roganti
617 1619 719 1660 Tibi
751 1629 1012 1671 receperam,
1045 1618 1102 1660 mi
1135 1617 1330 1671 Heusde,
1362 1629 1429 1662 me

207 1704 284 1735 'tuo
311 1696 453 1735 libello
480 1693 638 1744 aliquid
674 1692 932 1732 literularum
967 1701 1005 1731 et
1035 1691 1186 1745 judicii
1210 1693 1259 1734 de
1278 1693 1384 1735 locis
1405 1706 1431 1737 a

214 1773 278 1813 Te
303 1772 492 1814 tractatis
516 1771 783 1812 additurum:
818 1781 939 1820 ecce,
973 1769 1046 1809 ubi
1069 1771 1119 1810 ad
1149 1782 1232 1812 rem
1258 1780 1429 1816 ventum

211 1857 305 1898 est,
321 1848 378 1888 nil
403 1846 532 1887 habui
559 1846 673 1898 quod
697 1846 904 1887 adderem.
937 1845 1048 1888 Nam
1078 1859 1211 1898 quum
1232 1847 1281 1889 de
1300 1849 1435 1891 anim-

214 1922 537 1965 adversionibus
582 1923 667 1964 tuis
709 1922 816 1964 inter
848 1935 930 1964 nos
967 1935 1211 1977 ageremus,
1244 1925 1434 1981 Tuque,

214 2000 349 2042 instar
371 1999 488 2041 illius
513 2000 625 2052 apud
645 1999 861 2041 Platonem
887 2010 1081 2043 nostrum
1110 2001 1327 2045 Theaeteti
1342 2036 1357 2056 ‚
1380 2005 1434 2049 iis

210 2075 360 2130 judicii
386 2076 644 2117 severitatem
684 2076 901 2126 adhiberes
920 2108 935 2130 ‚
968 2077 1122 2120 falsum
1160 2081 1362 2133 quodque
1392 2090 1435 2125 et

213 2156 415 2207 ἀνεμιαῖον
439 2155 665 2208 abjiceres,
697 2167 773 2197 nec
807 2156 922 2209 nisi,
952 2157 990 2198 si
1018 2157 1120 2210 quid
1153 2160 1371 2211 probabile
1394 2170 1436 2204 et

215 2230 374 2282 γόνιμον
414 2229 646 2282 videretur,
689 2230 916 2284 retinere83
961 2245 1048 2275 non
1085 2233 1280 2287 profecto
1323 2248 1437 2292 opus

217 2313 308 2355 est,
349 2314 395 2347 ut
425 2318 538 2348 nunc
578 2319 645 2349 eas
680 2308 818 2350 denuo
867 2320 1098 2352 recenseam
1121 2341 1136 2363 ‚
1179 2322 1220 2354 et
1254 2313 1436 2368 singulis

220 2393 358 2422 meum
398 2382 630 2437 judrcium‚
661 2388 844 2442 pulcre,
875 2386 999 2440 bene,
1032 2397 1174 2441 recte,
1205 2402 1433 2442 apponam.

221 2455 338 2505 Ergo
377 2458 554 2508 primum
607 2462 687 2504 hoc
734 2462 942 2504 literarum
986 2463 1112 2506 nobis
1146 2476 1434 2519 argumentum

224 2532 362 2585 periit.
425 2536 494 2577 An
529 2535 657 2591 igitur
679 2568 694 2594 ‚
727 2548 774 2581 ut
809 2542 953 2582 saltem
983 2550 1077 2584 tuae
1098 2542 1307 2586 voluntati
1328 2555 1440 2598 meq-

277 2607 376 2653 Vol.
406 2610 462 2658 11.
909 2617 952 2663 A
1360 2626 1444 2672 qui}
