1693 3110
99 298 187 329 Sect.
210 298 254 332 V.

96 340 203 375 Iflato.

329 180 414 229 572
629 169 1238 216 DISPUTATIO

330 295 431 337 raris
466 293 656 347 vestigiis
682 306 728 335 ac
758 292 976 345 reliquiis,
1008 296 1144 336 multo
1183 294 1324 335 labore
1346 293 1544 338 collectis

329 381 369 412 et
404 368 609 423 digestis,
641 370 921 411 verisimiliter
958 370 1158 412 constitui
1195 379 1387 422 possent.
1450 369 1533 412 Sed

328 448 542 489 videamus
579 446 812 487 summatim
851 446 1062 488 doctrinae
1108 445 1343 498 principia,
1388 458 1410 487 a
1442 446 1537 498 qui-

328 525 409 565 bus
443 523 492 564 ad
529 522 773 563 Animorum
810 522 1165 564 Immortalitatem
1198 521 1420 574 profectus
1455 530 1533 565 est.

331 630 359 653 „
385 600 486 641 Tria
523 608 623 641 sunt
657 612 788 642 rerum
818 600 1020 652 principia
1044 610 1175 651 eaque
1199 609 1387 649 aeterna,
1418 598 1534 639 Deus

329 675 482 726 Meae,
512 675 739 717 Materia:
768 675 981 716 Materiam
1012 687 1118 727 vago
1149 684 1190 714 et
1221 674 1381 716 incerto
1419 683 1539 714 motu

328 755 630 804 fluctuantem,
676 753 786 793 Deus
819 753 860 793 in
895 752 1079 793 ordinem
1119 751 1304 802 redegit,
1346 749 1396 791 ad
1428 748 1546 791 Idea·

328 839 418 867 rum
451 827 682 878 exemplum
719 824 1027 877 conformavit,
1070 834 1109 867 et
1147 826 1358 867 Mundum
1400 836 1450 865 ex
1487 826 1538 867 etl

329 904 603 956 composuit3
644 900 811 943 Mundo
855 902 1052 943 Animam
1098 902 1297 957 (ψυχὴν)
1345 899 1539 941 Animae-

331 992 412 1031 que
451 979 636 1020 Mentem
685 978 869 1030 (νοῦν),
914 976 1089 1017 indidit:
1137 976 1221 1019 vid.
1271 975 1448 1016 Timaeo
1492 986 1542 1025 po

328 1066 426 1107 527.
461 1055 516 1095 A.
555 1054 602 1097 Β.
662 1052 773 1094 Haec
810 1052 962 1095 Anima
1002 1054 1128 1093 mixta
1165 1060 1227 1091 est
1270 1062 1319 1091 ex
1364 1048 1543 1090 Materia

331 1129 516 1181 duplici3
542 1130 691 1179 altera,
709 1128 890 1184 simplici
909 1137 947 1169 et
971 1126 1252 1169 immutabili:
1275 1126 1429 1176 altere,
1453 1137 1545 1164 cor-

322 1208 489 1261 pared,
521 1204 728 1254 dir-idad,
762 1214 799 1245 et
827 1204 1048 1245 mutabili:
1079 1214 1140 1244 est
1163 1203 1284 1244 etiam
1308 1215 1378 1255 per
1401 1210 1540 1242 totum

330 1280 542 1322 Mundum
578 1289 773 1329 extensa,
816 1288 879 1328 et,
920 1277 1112 1329 quamvis
1150 1286 1281 1317 creata
1319 1289 1340 1315 a
1377 1285 1544 1316 summo

331 1357 458 1406 Deo,
501 1366 635 1395 tamen
673 1354 913 1406 intelligens
948 1366 993 1394 ac
1026 1352 1211 1404 Divina,
1249 1362 1289 1392 et
1327 1351 1445 1403 quasi
1481 1362 1546 1392 se-

332 1434 497 1475 cundus
541 1431 692 1472 Deus:
732 1431 822 1472 vid.
857 1430 915 1472 ib.
957 1444 1002 1483 p.
1035 1433 1132 1484 528.
1205 1429 1333 1471 Porro
1369 1458 1384 1480 ‚
1428 1439 1542 1470 sum-

331 1517 425 1547 mus
452 1505 567 1546 Deus
594 1504 737 1557 opifex
761 1504 881 1545 Deos
910 1504 1112 1546 coelestes
1138 1503 1321 1554 creavit,
1353 1502 1425 1554 qui
1449 1509 1549 1543 sunt

331 1591 440 1625 astra
473 1581 591 1634 ignea
630 1580 711 1632 (p.
741 1590 833 1633 530.
875 1579 930 1621 C.
968 1576 1089 1632 D.):
1132 1578 1412 1627 immortales,
1453 1588 1542 1618 non

334 1659 503 1713 quidem
541 1660 619 1701 sust
655 1658 833 1709 natura,
875 1657 947 1698 sed
994 1655 1146 1697 summi
1188 1654 1265 1697 Dei
1312 1653 1546 1695 voluntate.

333 1738 570 1789 Deinceps,
613 1747 805 1778 summus
845 1733 961 1776 Deus
997 1732 1134 1774 effecit
1171 1731 1344 1772 Animas
1379 1729 1551 1771 Anima·¹

335 1816 438 1857 lium
457 1845 471 1866 ,
505 1814 644 1854 eadem
672 1811 830 1852 ratione
865 1811 947 1862 quii
979 1808 1166 1850 effecerat
1193 1808 1385 1850 Animam
1414 1804 1546 1846 Mun..

336 1892 409 1944 di,
452 1903 537 1932 non
579 1899 715 1930 tamen
755 1888 812 1929 ita
850 1887 1053 1940 perfectas
1091 1895 1138 1927 ut
1167 1885 1280 1926 Deos
1315 1882 1548 1931 coelestes,

337 1967 409 2008 sed
439 1965 624 2007 secundo
649 1975 694 2004 ac
724 1963 918 2004 deteriori
954 1964 1108 2016 gradu3
1142 1962 1299 2014 quippe
1331 1970 1437 2011 quae
1472 1957 1551 1998 mi-

338 2057 479 2088 norem
508 2053 665 2096 partem
693 2044 889 2085 haberent
914 2042 1113 2083 Materiae
1134 2042 1250 2082 iliIus
1279 2037 1483 2090 simplicis
1507 2045 1549 2078 et

341 2118 642 2160 immutabilis:
692 2118 775 2160 vid.
813 2131 855 2170 p.
889 2128 984 2171 531.
1006 2119 1063 2158 A.
1088 2114 1138 2158 B.
1173 2127 1262 2166 seq.
1320 2114 1408 2155 Has
1444 2114 1552 2155 Ani-

340 2196 511 2238 malium
549 2194 724 2238 Animas
755 2194 862 2235 idem
903 2204 1094 2236 summus
1129 2190 1271 2244 opifex
1306 2190 1420 2231 Deus
1454 2188 1552 2230 Diis

340 2272 595 2313 coelestibus
633 2269 882 2322 distribuit,
914 2280 959 2310 ut
984 2268 1066 2321 ipsi
1089 2268 1176 2308 illis
1202 2267 1396 2319 Corpora
1422 2264 1551 2306 fabri-

345 2358 566 2400 carentur,
600 2349 740 2399 iisque
778 2346 1032 2400 corporibus
1074 2344 1164 2385 illas
1190 2342 1474 2384 includerent:
1505 2340 1549 2380 in

345 2425 504 2479 quibus
530 2425 566 2466 si
595 2425 697 2465 bene
723 2424 955 2473 vixissent,
987 2420 1164 2462 redirent
1196 2429 1384 2469 quaeque
1413 2416 1454 2457 in
1480 2427 1552 2456 na-

340 2501 474 2544 turale
509 2511 630 2542 suum
670 2510 854 2543 astrum:
894 2498 961 2542 sin
993 2495 1132 2538 minus
1172 2494 1276 2538 bene
1309 2493 1508 2536 vixissent
1531 2519 1548 2539 ‚

1481 2576 1561 2617 nee
