1693 3110
195 194 278 252 fis
474 180 1131 234 PARENTAttffl

194 318 274 360 ctis
298 312 478 368 ingeniis
517 306 738 359 accidere,-
769 307 879 351 ἀλλὰ
908 303 1005 349 εἶναι
1039 302 1183 360 σχεδόν
1208 310 1248 350 ‘re
1274 307 1318 352 τὸ
1343 311 1424 355 πιέ-

196 399 257 443 θος
284 398 399 437 τοῦτο
422 384 628 442 ἧρωικόν.”
687 383 798 425 Haec
837 391 877 423 et
917 381 1013 423 talia·
1044 380 1224 424 libenter
1260 383 1423 438 audiit,-

196 470 388 520 mihique
420 463 649 508 discedenti
687 461 913 516 promisit,
941 472 988 503 se
1031 459 1142 501 istos
1173 470 1331 502 errores
1351 462 1422 503 de-

191 545 453 600 positurum.
525 539 639 582 Haec
681 538 790 580 inter
828 550 908 579 nos
947 544 1037 577 acta
1079 544 1182 577 sunt
1217 535 1420 579 Kalendis

185 623 330 679 Juniis
370 633 408 662 a.
440 630 651 662 MDcccn
689 625 759 668 et,
789 616 937 669 paucis
970 615 1203 668 interJectis
1236 614 1419 667 diebus,

189 698 376 740 libertati
409 707 592 747 suaeque
627 693 719 746 ipse
755 693 909 734 tutelae
936 692 1159 733 restitutus
1181 702 1263 734 est.
1323 690 1411 733 Re-

190 774 271 816 diit
306 772 507 826 paulatim
542 770 720 823 pristina
764 767 874 810 vitae
911 767 1207 819 consuetudo,
1247 775 1289 808 et
1323 767 1420 808 illae

188 860 319 901 supra
350 848 539 889 laudatae
562 845 716 895 dotes,
746 854 885 885 sermo
910 843 1080 884 utilium
1109 843 1418 896 J‘ucundarum·

190 937 274 977 que
296 936 432 965 rerum
455 919 860 965 commemoratione
886 918 1089 973 frequens
1104 946 1120 971 ,
1145 919 1414 973 perfacetus,

189 1001 281 1041 sine
314 998 549 1040 offensione
581 1006 620 1037 et
659 995 912 1045 acerbitate3
947 996 1076 1037 immo
1101 995 1144 1037 in
1173 995 1288 1037 omni
1311 1007 1416 1038 con-⁶

187 1092 338 1134 gressu
362 1076 575 1120 urbanitas
598 1086 638 1118 et
663 1087 759 1118 cum
785 1074 1100 1116 benevolentiae
1128 1074 1414 1129 significatio.

184 1171 238 1201 ne
257 1156 510 1199 amabilitas,
573 1157 841 1210 Quamquam
868 1152 1016 1193 habuit
1037 1152 1136 1193 haec
1157 1152 1249 1194 laus
1277 1163 1412 1204 quan-⁵

184 1235 277 1276 dam
306 1231 593 1285 exceptionem
619 1230 766 1282 primis
803 1238 903 1282 post
936 1238 1218 1280 recuperatam
1255 1229 1414 1271 sanita·

183 1321 268 1354 tem
292 1320 332 1351 et
354 1309 583 1350 libertatem
609 1305 758 1356 annis,
791 1314 838 1345 ut
862 1315 1183 1355 nonnumquam
1211 1302 1247 1344 ei
1276 1305 1412 1344 disse-

180 1386 291 1428 renti
323 1385 490 1426 duriora
524 1382 722 1434 quaedam
759 1381 962 1422 adversus
990 1379 1148 1420 amicos
1171 1388 1410 1430 praesentes

181 1462 295 1505 dicta
315 1460 574 1510 exciderent3
602 1469 708 1509 quae
730 1457 773 1497 hi
799 1455 970 1497 silentio
995 1456 1409 1508 praetermittebant,

180 1537 419 1582 affectionis
457 1536 607 1577 veteris
643 1534 924 1577 accessionem
964 1534 1319 1587 interpretantes3
1362 1548 1415 1578 ne

181 1611 440 1654 adversando
473 1610 624 1651 mentis
649 1611 836 1651 nondum
863 1606 967 1650 satis
1004 1606 1189 1650 firmatae
1212 1610 1417 1660 proclivi·

179 1698 308 1731 tatem
346 1687 642 1730 sollicitarent.
703 1686 783 1727 Sed
815 1684 899 1727 illis
929 1684 1064 1727 morbi
1091 1684 1280 1737 reliquiis
1310 1695 1415 1728 tem-

182 1777 287 1820 pore
317 1764 482 1806 detritis
514 1773 640 1815 atque
666 1762 866 1804 abstersis
888 1761 1119 1817 jucundior
1145 1760 1316 1805 cunctis
1345 1775 1416 1806 ac-

178 1845 363 1888 cidebat.
426 1843 567 1884 Nemo
600 1851 736 1882 autem
766 1853 876 1883 unus
910 1841 1021 1894 fuit,
1055 1843 1126 1896 qui
1151 1844 1294 1897 plures
1324 1844 1402 1887 ho-

180 1922 316 1964 mines
349 1931 522 1970 nosset,
567 1931 690 1960 nemo
723 1917 793 1959 cui
829 1929 925 1959 cum
959 1918 1156 1969 pluribus
1192 1919 1258 1960 vel
1297 1919 1411 1960 noti-

178 2000 263 2050 tia,
295 1999 363 2040 vel
397 1996 689 2047 familiaritas,
731 1995 796 2036 vel
832 1994 1123 2047 consuetudo,
1152 1995 1220 2036 vel
1247 1992 1407 2045 aliquid

179 2076 307 2118 officii
340 2074 634 2126 intercederet3
666 2084 713 2114 ut
751 2085 822 2126 per
854 2081 984 2116 totam
1022 2072 1216 2114 Batavam
1251 2081 1403 2116 terram

174 2155 376 2206 haberet,
407 2153 519 2206 apud
550 2165 662 2205 quos
701 2153 909 2194 devertere
945 2160 984 2193 et
1022 2151 1272 2194 commorari
1307 2164 1407 2205 pos·

175 2241 258 2275 set.
319 2229 377 2272 Et
399 2238 578 2271 veterem
606 2230 718 2271 hunc
743 2241 867 2270 suum
893 2240 1047 2269 morem
1085 2227 1280 2281 repetivit
1298 2258 1313 2279 ,
1346 2228 1408 2270 si·

179 2308 268 2350 mul
294 2318 340 2348 ac
366 2317 513 2346 rursus
538 2317 672 2346 rerum
705 2317 875 2354 suarum
902 2303 1098 2345 dominus
1124 2314 1215 2345 esse
1240 2304 1409 2356 coepis-

177 2393 275 2436 sct3
319 2381 524 2424 continuo
562 2382 785 2426 familiares
826 2382 924 2424 illos
959 2391 998 2423 et
1033 2379 1193 2422 amicos
1232 2379 1407 2422 invisit=

183 2457 342 2508 quibus
379 2455 575 2498 omnibus
607 2468 751 2510 gratus
779 2465 819 2498 et
855 2464 1052 2508 acceptus
1088 2455 1246 2507 hospes
1274 2455 1404 2497 venit.

182 2531 421 2576 Ventitavit
449 2531 571 2575 etiam
607 2533 650 2576 in
674 2542 913 2578 conventus
939 2531 1198 2575 Societatum
1227 2529 1409 2573 erudita·

1309 2617 1402 2650 rum
