1693 3110
345 167 540 218 JNDEX
568 172 917 235 UTRIUSQUE
947 173 1302 222 VOLUMINIS.
1427 177 1514 239 675

804 405 868 466 C.

145 580 206 624 H.
239 592 546 625 CALKOEN.
578 583 636 626 ΙΙ.
669 582 739 628 60.

142 647 182 709 J.
223 661 571 698 CAMERARII
608 653 920 697 Annotationes
953 654 997 698 in
1032 654 1265 711 singulares
1300 653 1516 701 Plutarchi

209 727 395 769 libellos.
427 728 459 770 1.
490 737 592 781 431.

144 807 199 832 ....
267 822 315 830 .-
382 818 440 830 -
507 809 564 831 -
612 796 815 851 J'udicium
847 799 896 840 de
919 797 1133 843 Demetrio
1159 799 1280 843 Duca
1307 798 1517 844 Cretensi.

201 867 236 911 I.
270 867 366 920 360.

142 959 197 972 --
269 958 319 967 —
388 959 446 973 --
500 959 549 967 -
590 935 758 991 Scripta
795 941 1057 995 conjunctim
1094 940 1216 984 edere
1239 941 1520 986 constituerat

198 1007 432 1061 Bergerus‚
464 1018 609 1061 postea
644 1000 942 1071 Ruiinkenius.
977 1013 1013 1053 Ι.
1045 1022 1146 1065 535.

143 1077 576 1122 Cama-MANUS
609 1079 822 1123 Plutarchi
858 1081 1060 1124 meminit.
1093 1078 1130 1123 I.
1163 1087 1263 1136 319..

143 1149 224 1192 CA
240 1163 261 1192 P
279 1163 302 1192 P
317 1163 343 1191 E
363 1163 431 1192 Ro
445 1164 476 1191 N
490 1163 521 1192 N
535 1164 560 1192 E
578 1163 605 1194 R
624 1164 638 1192 1
654 1162 683 1193 υ
697 1163 717 1192 s
734 1182 750 1201 ‚
780 1152 1019 1194 Praefectus
1046 1152 1335 1196 Bibliothecae
1367 1152 1525 1207 Regiae

194 1220 460 1263 Parisiensis.
530 1222 640 1276 EJus
677 1220 960 1264 benivolentia
994 1234 1089 1276 erga
1127 1222 1447 1266 Ruhnkenium.
1479 1225 1516 1268 1.

196 1292 279 1344 580
308 1301 405 1342 sqq.

137 1361 378 1415 Cargator,
409 1362 690 1417 Garganum,
721 1361 930 1404 vocabula
959 1370 1061 1404 sunt
1096 1373 1146 1404 ex
1172 1360 1403 1407 Latinitate
1427 1376 1515 1407 me·

193 1433 250 1474 dii
285 1432 392 1475 aevi.
426 1433 479 1474 Π.
514 1444 609 1483 329.

131 1499 173 1556 J.
221 1514 267 1542 r..
309 1507 700 1544 cARonvms
744 1500 930 1556 Eunapii
982 1503 1129 1545 edendi
1173 1514 1291 1557 spem
1341 1502 1511 1549 fecerat.

192 1571 230 1615 Ι.
261 1585 332 1626 42.

139 1641 556 1695 Carthaginiensium
595 1641 775 1696 Legatio
807 1643 857 1684 ad
883 1642 1206 1697 Mithridatem,
1238 1645 1290 1687 ad
1312 1644 1412 1687 belli
1440 1659 1514 1690 soe

194 1716 383 1757 cietatem
415 1716 704 1767 expetendam.
738 1714 794 1757 ΙΙ.
830 1714 925 1769 265.

137 1786 209 1831 Is.
252 1795 688 1837 CAsAUBONus‚
731 1784 970 1827 Praefectus
1016 1785 1302 1830 Bibliothecae
1355 1786 1515 1843 Regiae

188 1858 448 1901 parisiensis.
485 1862 517 1900 Ῐ.
550 1858 644 1913 583.
685 1856 785 1899 Vid.
818 1865 858 1898 et
882 1854 924 1908 J.
961 1856 1158 1909 Scaliger.

136 1930 332 1983 Catalogi
373 1930 753 1982 Bibliothecarum,
786 1939 890 1981 quae
930 1927 986 1968 sit
1020 1929 1152 1983 vulgo
1188 1935 1327 1972 earum
1361 1927 1510 1971 condi-

191 2001 270 2044 tio.
309 2005 343 2045 Ι.
375 2003 455 2056 582
487 2015 553 2054 sq.

135 2070 384 2126 categoriae
418 2073 666 2124 duodecim,
710 2082 816 2125 quae
854 2081 903 2112 ex
936 2067 1078 2112 Kantii
1114 2072 1321 2114 sententia
1367 2069 1508 2114 animo

191 2144 356 2188 insunt.
389 2148 452 2187 II.
489 2144 565 2198 176
596 2156 663 2196 sq.

131 2236 191 2254 ...-
255 2240 310 2252 ..-
377 2235 433 2252 «-
499 2242 548 2250 .-
613 2240 662 2250 .-
709 2212 1011 2266 dijudicantur.
1045 2212 1100 2255 ΙΙ.
1136 2215 1395 2270 181—189.

135 2287 383 2342 Categoriae
417 2297 458 2329 et
491 2287 827 2340 Catcgorumena
853 2285 1128 2338 Aristotelis,
1158 2298 1181 2327 a
1206 2280 1362 2328 Kantio
1394 2296 1513 2328 com«

193 2362 329 2404 mista.
366 2360 415 2403 Π.
453 2361 548 2414 187.

135 2429 213 2476 ΟΕ
232 2441 410 2475 BETls
445 2429 636 2480 Tabula.
669 2434 879 2482 perperam
911 2428 961 2469 ad
984 2439 1076 2469 eum
1106 2426 1301 2471 refertur.
1329 2424 1384 2473 ΙΙ.
1407 2427 1510 2482 568.

133 2495 445 2546 CELLARII
498 2501 704 2543 monitum
744 2501 793 2543 de
826 2500 935 2542 libro
969 2500 1219 2544 Plutarcheo
1244 2502 1294 2544 de
1322 2502 1506 2544 Educat.

198 2571 448 2617 Puerorum.
480 2575 518 2616 Ι.
547 2584 646 2628 515.

774 2645 859 2691 Ἦν
896 2656 930 2690 2
1372 2639 1446 2683 CF·
1462 2646 1515 2685 1.-
