1693 3110
317 132 397 178 DE
428 131 950 177 IMMORTALITATE
981 131 1176 178 ANIMI.
1276 144 1357 190 503

135 269 230 302 men
251 257 439 300 tenuisse
461 267 545 297 eam
575 264 615 295 et
638 254 841 307 probasse
863 255 1126 298 affirmamus.
1174 255 1354 297 Primum
1379 265 1463 314 secg.
1481 263 1512 314 J,

135 335 278 386 enim,
311 333 477 374 minime
513 342 625 372 nova
659 339 743 371 erat
771 330 846 378 illa
885 340 1014 373 aetate
1045 333 1252 373 sententia
1278 332 1357 373 im—
1379 308 1510 382 ¹3:1¹1ss

140 410 434 459 mortalitatis,
474 407 547 450 secl
588 406 744 447 dudum
781 408 975 459 prodita,
1015 410 1082 450 vel
1117 410 1160 450 in
1195 409 1361 463 Myste-

136 490 210 532 riis
227 521 241 541 ,
273 489 339 530 vel
361 500 383 529 a
402 487 567 529 Theolo
579 485 646 539 gis
674 496 713 527 et
734 485 895 529 Poetis.
954 487 1114 530 Deinde
1146 501 1233 531 non
1269 501 1359 531 mo-

137 566 192 606 do
216 576 301 606 non
320 574 550 616 repugnare
584 561 828 613 doctrinae,
860 564 1169 615 s.=systemati‚
1201 562 1359 605 Thale-

136 640 194 684 tis
210 671 225 691 ,
241 640 311 681 sed
338 652 432 681 cum
462 641 508 681 ea
535 638 782 691 convenire,
799 645 925 692 atque
947 641 1049 682 adeo
1072 641 1213 682 locum
1238 641 1282 686 in
1309 642 1357 684 ea

139 715 374 765 habuisse,
406 715 588 757 videtur.
633 711 744 755 Nam
769 714 849 756 hoe
875 714 1042 767 quidem
1063 724 1230 757 constat
1246 746 1260 766 ‚
1283 728 1359 756 au-

135 802 251 832 ctore
269 791 499 832 Aristotele
515 821 530 842 ,
563 791 660 831 loco
691 791 859 831 laudato
875 821 890 841 ,
917 789 1135 831 Thaletem
1158 789 1357 833 statuisse

134 866 324 909 animam
350 866 503 909 habere
525 866 609 907 vim
634 863 854 916 movendi,
890 864 931 906 id
957 875 1050 917 est,
1089 875 1137 907 ut
1167 877 1262 907 cum
1294 877 1358 905 re-

133 941 394 986 centioribus
425 942 605 992 loquar,
638 953 728 981 eam
766 940 921 981 habere
942 942 1201 997 principium
1228 952 1357 995 agen.-

132 1017 180 1061 di
201 1018 334 1072 ipsam
358 1018 404 1058 in
430 1029 482 1058 se.
529 1016 659 1058 Porro
681 1017 831 1058 statuit
853 1030 944 1059 eam
970 1032 1052 1059 non
1074 1031 1156 1059 esse
1173 1030 1352 1074 corpus,-

135 1094 254 1146 quod
278 1102 391 1146 patet
412 1105 461 1134 ex
483 1094 625 1135 eodem
652 1094 791 1146 capite
814 1094 1058 1136 Aristotelis
1088 1095 1128 1147 §.
1154 1105 1224 1148 29.
1255 1094 1354 1145 ubi,

133 1180 186 1212 ut
217 1172 267 1212 de
300 1170 426 1222 aliis,
455 1171 513 1211 ita
548 1172 599 1211 de
637 1170 827 1212 Thalete
850 1171 1041 1222 dicitur,
1075 1183 1138 1212 eos
1167 1170 1354 1211 Animae

132 1254 338 1287 naturam
366 1245 504 1288 tribus
527 1242 862 1301 proprietatihiaes
884 1241 1116 1294 definivisse
1136 1259 1154 1297 ,-
1180 1245 1352 1295 κινήσει,

128 1321 172 1363 id
195 1331 259 1363 est
283 1323 446 1372 actione
465 1321 682 1377 proprid:
703 1323 912 1374 αἰσθήσει,
935 1335 1082 1365 sensu:
1110 1322 1316 1377 ἀσωμάτῳ
1335 1352 1352 1376 ‚

130 1397 328 1442 absentid
349 1408 578 1452 corporeae
595 1401 890 1440 concretionis.
933 1399 1101 1450 Atqui,
1135 1399 1173 1440 si
1199 1400 1354 1441 Anima

130 1473 327 1515 movendi
349 1473 434 1515 vim
460 1467 615 1523 habet,
647 1485 783 1524 neque
807 1479 1033 1525 corporeae
1057 1481 1123 1514 est
1150 1482 1351 1524 naturae,

131 1551 248 1594 nulla
282 1550 388 1593 ratio
419 1559 589 1602 apparet
626 1561 752 1602 quare
783 1561 880 1590 cum
904 1550 1100 1603 eorporiS
1124 1559 1257 1591 morte
1283 1550 1349 1591 in-

129 1633 273 1669 tereat.
335 1625 528 1677 Deinde,
563 1634 610 1666 ut
643 1635 706 1666 est
731 1626 844 1678 apud
865 1626 1041 1667 eundem
1073 1627 1350 1670 Aristotelem

130 1703 179 1744 de
214 1701 366 1745 Anima
398 1701 475 1747 lib.
512 1705 550 1745 Ι.
593 1715 685 1755 cap.
711 1702 829 1745 Viss.
870 1703 1017 1745 statuit
1052 1705 1192 1747 omnia
1228 1706 1350 1758 piena

128 1790 221 1822 esse
246 1779 459 1830 Deorum,
492 1789 711 1833 propterea
745 1781 861 1831 quod
886 1780 1037 1824 Anima
1065 1780 1107 1822 in
1148 1781 1348 1822 universo

121 1856 326 1909 permixta
361 1854 496 1897 esset:
534 1857 648 1909 quod
685 1855 960 1898 confirmatur
996 1856 1245 1898 auctoritate
1271 1857 1349 1898 Ci-

121 1932 286 1979 ceronis
322 1932 371 1973 de
410 1931 562 1984 Legib.
606 1931 662 1972 ΙΙ.
710 1943 784 1975 11:
819 1941 860 1973 et
893 1932 1099 1986 Diogenis
1134 1932 1280 1982 Laert.
1307 1933 1344 1976 I.

125 2019 212 2063 27:
257 2007 308 2048 ad
347 2019 456 2059 quos
489 2007 610 2049 locos
646 2006 897 2053 consulendi
930 2016 1032 2049 sunt
1063 2007 1345 2061 interpretes,

123 2082 330 2125 Davisius
372 2092 412 2124 et
458 2082 702 2136 Menagius.
776 2081 856 2124 His
897 2084 1071 2129 omnino
1109 2084 1343 2125 addendum

128 2169 190 2200 est
214 2160 477 2203 luculentum
501 2159 790 2202 testimonium
828 2157 1000 2201 Stobaei
1031 2159 1186 2213 Eclog.
1210 2159 1342 2213 Phys,

122 2234 159 2276 L
193 2246 238 2286 p.
268 2246 308 2275 Ω.
372 2242 543 2288 Θαλῆς,
573 2241 655 2287 νοῦν
691 2240 758 2281 τοῦ
793 2237 938 2289 κόσμου
974 2240 1044 2280 τὸν
1078 2239 1187 2280 θεὸν·
1232 2240 1275 2280 τὸ
1303 2239 1344 2281 δὲ

121 2314 203 2355 πᾶν
228 2312 416 2365 ἔμψυχον
439 2312 530 2365 ἅμα
554 2314 621 2357 καὶ
643 2314 832 2366 δαιμόνων
858 2319 1002 2366 πλῆρες
1019 2325 1028 2334 ·
1058 2314 1196 2362 διήκειν
1214 2316 1253 2357 δὲ
1276 2315 1343 2357 καὶ

123 2385 190 2430 διὰ
224 2391 294 2431 τοῦ
334 2391 597 2443 στοιχειώδους
635 2393 752 2443 ὑγροῦ
802 2392 965 2443 δύναμιν
1006 2392 1112 2435 θείαν
1148 2395 1345 2440 κινητικὴν

120 2468 248 2512 αὐτοῦ
269 2480 281 2492 ·
314 2466 347 2510 i.
377 2480 415 2510 e.
482 2496 509 2523 2,
539 2468 688 2511 Thales
721 2468 861 2525 dixit,
891 2467 1036 2519 muudi
1060 2476 1234 2510 mentem
1263 2479 1345 2515 esse

766 2544 807 2592 li
847 2557 875 2601 4
1174 2543 1341 2592 Deum?
