1693 3110
271 228 325 269 94
640 204 1128 253 EPISTOLA

280 341 588 383 memorentur,
619 338 778 382 praeter
798 327 1067 370 Socraticos:
1103 327 1352 372 Heraclides
1385 331 1497 372 Pon-

278 415 414 461 ticus,
446 407 557 461 apud
593 405 866 454 Ciceronem,
899 403 1035 445 Attic.
1064 404 1186 456 XIII,
1223 418 1299 459 192
1340 407 1498 447 Dicae-

279 486 436 528 archus
455 514 470 535 ,
500 483 612 536 apud
643 482 826 524 eumdem
845 510 860 530 ,
893 479 932 519 T
939 491 1030 523 usc.
1055 480 1104 530 Ι,
1143 492 1221 521 10:
1253 480 1364 522 forte
1389 484 1496 523 Ari·

280 570 341 602 sto
367 561 520 610 Chius,
547 558 660 610 apud
682 556 867 598 eumdem
892 555 956 596 De
981 555 1233 606 Senectute,
1269 567 1286 596 1
1309 569 1321 597 ι
1353 556 1501 598 Clear-

281 637 412 686 cf'ms,
443 635 487 676 in
521 632 697 674 Eusebii
729 631 872 683 Praep.
914 630 1079 684 Evang.
1102 631 1194 681 IX,
1238 642 1282 682 p.
1311 643 1420 685 409,
1450 644 1502 674 ex

279 711 469 766 josepho
512 719 659 750 contra
693 706 903 759 Apionem
949 706 997 756 I,
1036 718 1113 748 22:
1163 705 1352 762 Stilpon,
1392 709 1505 761 apud

280 787 510 839 Diogenem
538 782 752 825 Laertium
781 781 848 833 ΙΙ,
885 795 993 834 120,
1026 790 1065 822 et
1100 782 1290 824 Suidam.

340 863 404 904 De
448 859 677 902 Aristotele
726 857 971 910 diligentius
1018 857 1152 898 dicere
1185 859 1340 910 juvat,
1386 859 1504 910 quod

285 937 400 978 hunc
439 937 581 977 locum
614 933 786 974 brevius
824 932 944 985 attigi
977 933 1020 974 in
1048 933 1283 985 Praeceptis
1309 933 1510 975 Philoso-

285 1012 409 1066 phiae
442 1011 629 1065 Logicae
662 1009 753 1060 111,
788 1021 805 1050 1
825 1039 839 1059 ,
870 1021 926 1060 9,
965 1017 1004 1049 et
1037 1021 1163 1049 meam
1204 1009 1448 1050 sententiam
1484 1022 1509 1051 a

289 1087 511 1130 nonnullis
549 1098 636 1128 non
663 1094 772 1126 recte
808 1084 1056 1126 intellectam
1096 1084 1385 1127 animadverti.
1442 1085 1509 1126 Ac

287 1163 472 1218 primum
503 1161 667 1215 quidem
694 1173 742 1203 ex
767 1161 1025 1210 Ammonio,
1059 1160 1250 1201 Hermiae
1283 1159 1404 1213 filio,
1438 1161 1510 1203 cui

291 1240 491 1282 debemus
528 1236 882 1279 accuratissimam
909 1236 1111 1277 librorum
1143 1235 1390 1279 Aristotelis
1423 1237 1510 1279 dis-

288 1315 595 1365 tributionem,
628 1314 670 1354 in
709 1312 1024 1354 Commentario
1050 1313 1098 1352 ad
1134 1312 1377 1364 Categorias
1411 1326 1512 1365 pro.

286 1391 470 1444 positam
498 1403 542 1442 p.
564 1403 607 1441 4.
635 1389 734 1432 edit.
761 1388 861 1430 Ald.
888 1400 973 1428 eam
996 1387 1296 1440 descriptionis
1322 1399 1510 1444 partem,

292 1479 398 1518 quae
427 1467 479 1510 ad
518 1466 714 1519 dialogos
750 1463 961 1517 pertinet,
1003 1462 1157 1504 Latine
1193 1474 1232 1505 et
1268 1469 1511 1510 summatim

291 1554 573 1595 apponamus.
643 1541 777 1594 Igitur
806 1540 1041 1581 secundum
1080 1537 1252 1581 formam
1298 1553 1513 1595 usumque

292 1618 452 1670 scripta
481 1617 727 1660 Aristotelis
761 1613 951 1657 bifariam
984 1614 1276 1656 dividebantur
1319 1646 1346 1667 ,‚
1369 1626 1416 1658 ut
1448 1630 1514 1660 es·

293 1723 322 1745 Ἃ
352 1702 474 1744 sent,
513 1693 581 1736 vel
615 1689 962 1744 συνταγμκτικσὶ,
1001 1690 1042 1731 id
1087 1699 1186 1741 est,
1231 1703 1358 1744 Opera
1398 1706 1517 1736 com-

296 1798 326 1822 „
359 1768 527 1821 posita,
567 1767 804 1819 descripta,
848 1765 1041 1806 absoluta
1071 1765 1124 1806 ad
1157 1765 1380 1808 editionem
1411 1769 1518 1811 alio-

302 1874 331 1897 „
362 1855 538 1895 rumque
574 1842 886 1896 cognitionem:
928 1841 993 1881 vel
1036 1842 1369 1894 ὑπσμνηματικοὶ,
1412 1857 1519 1896 quae

301 1951 327 1973 „
357 1919 511 1962 Latine
544 1918 739 1961 dicantur
770 1917 1168 1959 commentas-ictum
1207 1927 1277 1959 aut
1315 1932 1520 1963 coemm'n-

300 2026 328 2048 ,‚
365 1997 514 2046 taz-ia,
548 2007 653 2047 quae
681 1993 869 2035 nondum
898 1994 948 2034 ad
972 1991 1193 2034 editionem
1228 1993 1517 2050 conformata,

302 2102 329 2125 „
360 2070 654 2113 tautummodo
701 2070 935 2112 adversaria
983 2077 1021 2109 et
1063 2067 1269 2108 materiam
1307 2070 1521 2116 scribendi

307 2177 336 2200 ‚,
366 2147 464 2188 libri
496 2145 771 2188 continerent.
845 2146 1168 2196 Συνταγματικόι
1207 2143 1392 2196 duplicis
1429 2148 1525 2189 fue·

305 2253 333 2276 „
364 2232 462 2264 runt
484 2222 672 2276 generis:
707 2221 906 2272 alterum,
939 2222 1228 2272 αὐτοπρόσωπαι
1255 2230 1293 2261 et
1316 2226 1522 2276 ἁκροαεμοιι·

304 2329 332 2352 ‚‚
362 2301 454 2343 τικόι
491 2299 629 2350 dicta,
663 2298 706 2338 in
738 2297 896 2350 quibus
924 2309 944 2336 c
970 2308 1044 2336 sua
1070 2295 1160 2348 ipse
1188 2307 1364 2347 persona
1390 2300 1522 2340 disse-

309 2405 336 2427 „
366 2386 458 2414 rens
499 2375 549 2415 ad
584 2386 804 2426 germanos
840 2373 1051 2414 auditores
1088 2374 1313 2424 άκρεατὰς,
1357 2383 1522 2415 senten·

316 2480 342 2502 „
372 2451 469 2492 tiam
503 2462 618 2490 suam
644 2448 876 2501 explicabat
900 2460 973 2500 per
993 2448 1326 2489 accuratissimas
1349 2451 1522 2490 demon-

313 2554 343 2580 „
373 2525 623 2580 strationes,
664 2536 710 2567 ac
760 2524 1017 2568 difficiliores
1052 2523 1148 2567 illas
1183 2524 1400 2570 intellectu
1430 2524 1526 2567 aliis

1389 2627 1416 2654 ,‚
1446 2598 1522 2641 ho»
