1693 3110
466 168 1127 219 PARENTALIA.
1328 182 1413 229 359

181 311 225 343 re
246 295 423 349 sinunt,
456 295 606 348 longae
630 292 826 347 quamvis
845 292 1054 336 materiem
1076 291 1323 346 scriptionis
1348 294 1410 337 af..

179 372 351 417 ferente.
395 371 533 414 Natus
557 379 678 425 gente
699 369 905 412 honorata
928 370 1107 421 Leidae‚
1129 370 1282 412 ibidem
1305 372 1410 413 elu-

179 462 300 492 catus
324 459 363 492 et
387 460 564 501 utraque
603 447 833 500 disciplina
854 447 1087 492 institutus
1110 457 1199 502 est,
1230 450 1414 503 primum

183 527 365 582 puerili,
397 525 542 569 deinde
562 524 797 567 academica
812 555 826 576 ,
851 532 898 564 ut
926 532 1109 575 vocant,
1129 525 1173 566 id
1196 535 1261 567 est
1283 525 1411 567 scho-

185 602 240 643 lis
270 598 583 645 Professorum.
645 598 793 655 Quum
829 607 990 641 mature
1025 600 1159 642 solers
1192 600 1411 654 ingenium

185 675 232 719 in
257 689 306 719 eo
334 677 547 731 eluceret,
581 676 822 720 destinatus
850 684 916 718 est
943 674 996 718 ab
1021 678 1269 729 avunculo,
1301 677 1415 731 apud

188 764 314 806 quem
339 753 556 805 alebatur,
589 752 648 794 rei
684 751 881 805 publicae
919 750 1146 804 aliquando
1185 753 1413 806 gerendae,

188 840 230 873 et
261 831 312 872 ad
345 830 426 872 hoc
465 827 738 883 propositum
766 828 1010 870 studiorum
1040 839 1215 870 suorum
1238 827 1421 870 consilia

188 906 546 952 accommodavit.
607 905 724 959 Ergo
743 905 1110 960 Jurisprudentiae
1127 917 1174 947 se
1194 905 1306 947 dedit
1319 933 1336 957 ,
1366 903 1418 946 ad

188 994 366 1035 eamque
387 983 464 1024 rite
485 983 794 1035 percipiendam
809 1011 825 1034 ‚
858 983 1043 1024 animum
1063 982 1345 1037 Philosophia
1377 989 1421 1023 et

189 1057 350 1102 Literis
376 1059 595 1102 instruxit.
631 1059 682 1101 In
704 1058 880 1101 Graecis
903 1060 1066 1101 audivit
1086 1058 1421 1111 Ruhnkenium,

193 1143 297 1177 tunc
326 1133 548 1178 Lectorem
569 1166 584 1188 ,
617 1147 741 1188 quem
771 1146 954 1178 caeterae
977 1135 1113 1177 totius
1145 1135 1334 1177 discendi
1359 1148 1424 1177 ra-

194 1210 327 1254 tionis
346 1221 561 1254 auctorem
586 1222 759 1254 secutus
785 1221 874 1255 est:
907 1213 951 1254 in
974 1211 1140 1254 Latinis
1163 1221 1204 1255 et
1229 1213 1426 1256 Historia

192 1286 568 1341 Oudendorpium:
603 1289 646 1331 in
670 1288 951 1341 Philosophia
973 1287 1251 1332 Lulofsium:
1286 1290 1330 1332 in
1347 1290 1425 1345 Ju-

188 1375 234 1407 re
267 1364 399 1406 Civili
432 1364 754 1419 Scheltingam,
787 1364 831 1410 in
861 1365 963 1418 Jure
993 1365 1173 1407 Publico
1208 1366 1420 1410 Weisium

195 1449 237 1484 et
269 1440 513 1484 Pestelium.
577 1441 646 1483 Ad
686 1440 768 1483 hoc
794 1440 1035 1482 scholarum
1061 1452 1273 1493 pensum,
1304 1453 1422 1482 acce-

201 1517 268 1559 'aat
299 1517 414 1564 aliud
444 1517 725 1559 domesticum
760 1525 800 1557 et
825 1517 1154 1568 quotidianum,
1187 1519 1423 1562 multorum

196 1595 320 1639 lectio
342 1594 548 1635 librorum
572 1605 701 1645 eaque
718 1593 992 1636 insatiabilis:
1014 1605 1102 1637 non
1124 1595 1262 1636 solum
1285 1595 1421 1638 Grae-

198 1680 343 1711 corum
379 1677 419 1715 et
445 1666 726 1719 Latinorum,
767 1667 840 1708 sed
872 1676 912 1709 et
948 1669 1241 1722 novitiorum,
1282 1670 1425 1724 Belgi.

193 1754 375 1795 corum,
407 1752 499 1784 tum
537 1753 637 1783 vero
680 1750 947 1793 exterorum,
991 1741 1288 1797 Gallicorum,
1331 1743 1426 1786 Bri.

196 1820 493 1871 tannicorurn,
514 1817 863 1860 Germanicorum
880 1848 896 1870 ,
928 1819 1162 1873 harumque
1184 1820 1426 1875 lInguarum

191 1907 299 1945 usus
335 1906 376 1939 et
413 1896 629 1939 meditatio
663 1907 756 1937 eum
796 1895 839 1937 in
869 1895 993 1937 finem
1015 1928 1030 1949 ,
1064 1907 1113 1940 ut
1140 1898 1193 1939 iis
1218 1908 1258 1940 et
1281 1900 1332 1941 ad
1364 1900 1425 1942 le.

192 1975 374 2029 gendum
397 1983 438 2013 et
462 1974 513 2013 ad
535 1972 865 2024 colloquendum
895 1975 1048 2017 valeret
1064 2004 1078 2026 ,
1104 1974 1271 2017 Gallice
1294 1977 1421 2020 etiam

194 2061 301 2103 pure
334 2059 375 2090 et
412 2057 605 2090 accurate
638 2048 858 2092 scriberet.
921 2048 1057 2092 Inerat
1094 2061 1302 2105 praeterea
1334 2055 1423 2109 jam

197 2124 240 2165 in
267 2124 530 2165 adolescente
554 2135 702 2176 magna
728 2124 814 2167 oris
839 2126 1181 2180 commendatio,
1206 2129 1415 2173 sermonis

193 2196 372 2238 varietas
395 2205 434 2239 et
453 2197 640 2251 jucunda
667 2199 845 2241 comitas
861 2230 876 2251 ,
902 2212 1009 2252 quae
1032 2214 1106 2254 per
1127 2212 1259 2246 totam
1287 2206 1420 2249 vitam

196 2271 378 2324 mansit,
407 2282 519 2319 certe
546 2284 638 2314 raro
670 2285 746 2316 nec
780 2274 862 2315 nisi
891 2284 1080 2327 tempore
1109 2279 1412 2330 aegrotationis

194 2356 289 2385 eum
314 2345 501 2398 reliquit,
561 2347 657 2389 Tali
689 2361 788 2402 ergo
814 2361 946 2402 quum
972 2350 1093 2393 laude
1121 2351 1316 2404 floreret,
1349 2365 1420 2394 ac-

194 2420 324 2468 cessit
354 2422 476 2486 eti-am
509 2424 760 2467 eruditionis
784 2426 895 2473 faula
921 2427 942 2467 ὲ
972 2426 1133 2479 scripto
1163 2428 1340 2480 libello,
1371 2437 1414 2471 et

197 2500 498 2559 consequendo
522 2500 648 2546 titulo
670 2501 875 2544 Doctoris
893 2500 1009 2554 Juris
1033 2502 1083 2549 ad
1098 2502 1418 2562 disceptandum

855 2575 892 2622 Z
923 2588 951 2634 4
1330 2589 1433 2636 pree
