1693 3110
161 305 248 337 sect.
273 307 313 339 V.

157 347 261 381 Plato.

146 604 220 639 Arg.
253 614 294 637 ex

102 644 262 680 Menonc-

145 1821 219 1853 Artz.
244 1827 285 1850 ex

92 1858 255 1897 Phaedro.

894 72 912 87 8

341 182 427 226 574
641 165 1254 211 DISPUTATIO

343 295 451 335 Sunt
483 302 580 332 vero
613 290 686 331 illa
722 300 808 330 non
839 288 1189 331 conclusionibus
1234 290 1540 349 demonstrata,

342 372 410 411 sei
438 366 645 421 probabili
670 366 948 418 explicatione
973 368 1023 407 ad
1054 368 1298 409 Doctrinam
1327 370 1375 410 de
1410 383 1544 413 rerum

341 444 564 498 principiis
602 452 640 483 et
675 451 770 484 ortu
819 444 1152 486 accommodata.
1212 443 1353 500 Quare
1383 459 1554 500 progre-

337 522 497 562 diamur
520 516 725 559 continuo
741 518 791 558 ad
812 516 985 568 reliqua.

392 598 442 638 In
477 596 660 637 Menone
703 596 967 636 ostenditur:
1002 605 1162 636 omnem
1195 594 1456 648 disciplinam
1485 609 1550 639 es-

337 688 381 718 se
424 673 778 724 recordationem,
813 672 1001 713 homines
1039 671 1097 713 nil
1127 672 1228 713 novi
1261 673 1448 724 discere,
1481 673 1554 714 sed

333 763 469 796 vetera
500 751 737 802 recordari3
773 761 897 800 nam,
929 748 965 791 si
996 751 1093 801 quis
1122 750 1170 790 de
1202 750 1323 790 rebus
1357 750 1548 803 incogni-

333 830 390 869 tis
421 838 529 869 recte
564 828 876 878 interrogetur„
910 836 1002 866 eum
1039 825 1094 865 ita
1131 827 1381 879 respondere
1405 837 1451 868 ut
1477 839 1549 879 ap-

333 913 501 957 pareat,
536 917 575 943 se
600 903 742 943 harum
783 913 916 942 rerum
940 901 1152 944 notionem
1193 903 1236 943 in
1258 902 1404 945 Mente
1427 905 1548 944 invo-

333 982 461 1023 lutam
488 980 702 1031 tenuisse3
735 980 810 1021 sed
834 979 937 1019 hanc
963 979 1177 1020 notionem
1204 991 1331 1030 quum
1366 980 1409 1020 in
1431 990 1550 1030 prae·

335 1057 442 1098 senti
468 1059 557 1098 viia
580 1068 806 1106 numquam
836 1055 1063 1107 acceperit,
1090 1067 1257 1097 necesse
1275 1068 1365 1096 esse
1390 1065 1435 1096 ut
1459 1067 1549 1097 eam

334 1133 379 1174 in
423 1133 549 1186 priori
602 1137 775 1185 quadam
826 1133 914 1175 vitri
960 1132 1180 1185 acceperit.
1249 1133 1383 1186 Igitur
1417 1132 1549 1184 effici,

333 1210 515 1252 Animos
537 1217 740 1257 nostros,
772 1217 1017 1257 anteaquam
1059 1208 1101 1248 in
1139 1208 1243 1248 hanc
1278 1208 1404 1249 vitam
1434 1207 1547 1248 veni·

333 1295 454 1336 rent,
489 1285 531 1325 in
556 1284 632 1323 alui
660 1284 745 1324 vitai
773 1284 965 1335 degisse,
1000 1294 1048 1324 ex
1073 1284 1204 1334 euque
1237 1296 1368 1324 rerum
1408 1282 1548 1324 notio·

332 1373 423 1403 nem
461 1360 678 1409 attulisse,
712 1371 814 1409 quae
846 1371 957 1399 nunc
1005 1358 1163 1399 ratione
1200 1359 1473 1411 disciplinae,
1506 1359 1548 1401 id

333 1447 426 1487 est,
480 1445 592 1477 recto
632 1435 910 1487 interrogandi
952 1435 1075 1476 modo
1113 1436 1409 1477 instaurentur.
1469 1434 1550 1477 Sed

330 1512 502 1563 Animi,
536 1521 583 1551 ut
606 1519 699 1552 ante
726 1511 829 1551 hanc
857 1512 981 1551 vitam
1011 1510 1208 1562 fuerunt,
1240 1511 1297 1552 ita
1330 1522 1431 1563 post
1457 1523 1546 1554 eam

333 1599 505 1638 quoque
530 1598 678 1627 erunt:
716 1587 827 1637 quod
853 1585 895 1626 in
920 1586 1140 1627 Pliaeione
1176 1588 1454 1628 demonstrare
1477 1600 1550 1630 co-

330 1675 455 1706 natur
485 1664 620 1705 Plato.
666 1662 764 1705 Vid.
791 1661 968 1704 Menon.
1001 1675 1043 1714 p.
1074 1663 1137 1706 16.
1171 1673 1210 1704 et
1237 1663 1390 1706 Cicero
1405 1663 1542 1708 Tusc-

327 1742 361 1786 Ι.
393 1753 462 1795 24.

387 1818 436 1860 In
481 1817 667 1859 Phaedro
697 1843 712 1867 a
756 1827 874 1867 quem
913 1815 1078 1868 juvenis
1129 1815 1337 1868 scripsit,
1379 1815 1546 1870 ingenio

331 1893 460 1934 veluti
483 1891 713 1932 luxurianti
747 1891 1005 1942 obsecutus,
1039 1891 1180 1932 miram
1210 1892 1411 1943 quandam
1440 1891 1543 1933 Ani-

331 1969 388 2008 mi
424 1967 622 2008 informat
663 1968 908 2020 imaginem3
946 1979 1076 2018 quum
1110 1967 1212 2008 dicit
1261 1978 1396 2018 „eum
1430 1968 1547 2008 simi·⁵

329 2047 408 2087 lem
447 2056 534 2084 esse
589 2043 753 2096 aurigae
796 2046 944 2098 jugum
989 2055 1191 2095 equorum
1230 2043 1422 2097 regentis
1469 2044 1546 2086 alis

334 2135 506 2174 quoque
541 2122 823 2174 instructum,
855 2134 950 2164 cum
982 2121 1077 2163 Diis
1112 2134 1184 2173 per
1220 2132 1354 2162 totum
1380 2123 1545 2164 coelum

336 2201 466 2251 vcl1i3
506 2200 672 2239 amissis
699 2198 775 2238 alis
793 2227 808 2250 ,
839 2198 882 2239 in
908 2207 1052 2239 terram
1077 2197 1184 2248 labi,
1214 2197 1381 2250 corpori
1413 2197 1548 2239 inclu-

333 2276 406 2317 di:
437 2276 492 2316 ita
525 2276 719 2327 deinceps
753 2275 900 2326 nasci,
933 2282 973 2315 et
1020 2275 1122 2316 hanc
1148 2274 1435 2327 migrationem
1471 2273 1546 2315 tri-

335 2353 417 2393 bus
454 2352 717 2393 millenorum
758 2364 962 2393 annorum
1013 2351 1239 2392 intervallis
1272 2343 1547 2392 absolvere.‘'

333 2429 380 2471 In
406 2429 564 2480 quilius
596 2429 758 2479 quidem
798 2427 1033 2481 figmentis,
1064 2427 1099 2468 si
1137 2428 1237 2479 quid
1274 2428 1372 2468 latet
1398 2425 1482 2466 veri
1505 2432 1545 2465 et

337 2505 658 2561 philosophicae
696 2506 953 2557 sententiae,
996 2505 1075 2547 hoc
1128 2516 1277 2558 postea
1321 2500 1546 2554 explicabi-

1436 2588 1546 2620 mus,
