1693 3110
395 184 504 233 An
564 172 1118 231 LYNDENUM.
1291 192 1376 235 αφ,

150 313 321 364 undis,
351 323 391 354 et
415 312 522 354 locis
544 308 686 353 citatis
713 308 1001 361 sublegendis.
1060 303 1106 347 N
1123 309 1213 358 >que
1233 311 1373 347 tamen

164 402 218 431 ex
243 391 323 430 hoc
351 400 494 442 genere
522 388 765 438 scriptorem
794 384 939 425 Tslorrei
963 383 1116 426 Critici
1139 393 1232 425 esse
1248 382 1375 433 dic03

162 465 323 518 qnippe
341 465 465 517 cujus
492 462 645 513 scripta
669 469 898 512 numquam
926 459 1023 512 legi.
1362 517 1368 521 ἢ

221 541 311 584 PH.
356 539 490 592 Atqui
524 537 769 592 hujusmodi
803 535 888 577 fere
921 545 1038 578 sunt.
1098 534 1148 578 In
1183 535 1383 578 Philoso-

165 615 267 668 phia
291 626 423 657 autem
455 625 540 655 non
578 612 661 654 nisi
696 611 900 653 Kantiana
925 621 1063 663 tenet,
1093 624 1223 663 eaque
1257 603 1385 664 quasi

168 681 494 732 catechumenus
519 689 687 731 oracula
710 698 901 731 resonat:
920 690 1051 740 alios,
1070 687 1232 740 priores
1255 697 1295 729 et
1316 700 1388 730 ve-

168 753 436 820 teres‚'adeo
462 780 547 809 non
570 767 692 820 legit,
716 776 764 807 ut
789 764 1022 807 Historiam
1048 777 1221 818 quoque
1240 764 1385 806 Philo-

170 843 345 894 sophiae
368 842 560 895 ignorare
583 843 789 883 videatur-

228 918 411 961 LYND.
454 919 585 974 Quod
621 920 671 961 ad
704 916 1023 974 Philosophiam
1058 924 1234 978 attinet,
1275 925 1398 979 equi-

177 997 266 1038 dem
290 1009 363 1037 nec
388 997 479 1050 eJ'us
506 997 730 1049 scientem,
756 1011 829 1040 nec
852 1000 1157 1052 philosophum
1185 1014 1247 1043 me
1274 1002 1389 1055 fero;

178 1072 217 1114 si
239 1072 408 1124 quidem
435 1073 516 1114 hoc
541 1086 693 1121 nomen
712 1075 795 1128 jam
823 1079 1053 1132 sapientem
1069 1103 1085 1128 ,
1117 1087 1193 1118 nec
1217 1079 1400 1131 amplius

181 1158 420 1190 amatorem
442 1151 702 1204 sapientiae,
737 1151 855 1202 quod
882 1162 1028 1192 omnes
1055 1162 1147 1192 esse
1176 1153 1404 1205 volumus,

186 1225 427 1280 significat3
463 1235 509 1266 ut
550 1226 586 1266 si
621 1237 800 1267 errorem
837 1227 1160 1268 consuetudinis
1196 1228 1408 1282 corrigere

186 1302 394 1352 velimus,
424 1310 585 1344 amator
621 1302 844 1355 sapientiae
883 1315 971 1345 non
996 1304 1267 1360 philosophus
1291 1335 1306 1357 ,
1337 1305 1410 1347 sed

183 1378 563 1435 philophilosophus
586 1379 789 1421 dicendus
814 1380 890 1421 sit.
943 1380 1023 1422 Sed
1048 1382 1092 1422 in
1114 1381 1415 1436 Philosophiae

190 1459 340 1501 studio
366 1470 527 1511 semper
553 1459 622 1500 hic
663 1457 863 1511 frequens
899 1470 1015 1500 error
1052 1452 1167 1511 fuit,
1202 1470 1249 1501 ut
1283 1462 1418 1514 magis

189 1545 334 1576 sectae
360 1547 483 1586 quam
520 1535 822 1587 Philosophiae
851 1536 1117 1578 studeretur:
1155 1545 1196 1578 et
1219 1547 1264 1578 ut
1286 1538 1426 1580 homi-

195 1624 273 1655 nes
298 1624 441 1664 parum
468 1611 582 1652 acuti
610 1622 650 1651 et
676 1611 812 1652 laudis
836 1612 1070 1662 cupiditate
1098 1612 1288 1666 incensi,
1321 1622 1424 1657 casu

198 1687 245 1729 in
266 1688 446 1740 aliquem
473 1687 721 1740 magistrum
750 1687 1008 1740 incidentes,
1043 1691 1222 1743 ejusque
1243 1692 1431 1734 auctori.

204 1772 291 1805 tate
327 1763 441 1815 capti
466 1794 481 1815 ,
523 1763 584 1804 nil
619 1762 702 1803 nisi
740 1762 867 1816 hujus
903 1763 1066 1805 decreta
1109 1774 1322 1817 tenerent,
1364 1766 1431 1809 his

209 1838 430 1892 crepandis
455 1838 746 1890 superbirent3
775 1839 952 1880 aliorum
974 1840 1127 1891 placita
1150 1841 1433 1895 philosopho..

205 1929 331 1967 rum,
363 1914 557 1968 quamvis
589 1914 832 1968 ignorantes
867 1926 944 1957 nec
983 1914 1298 1969 intelligentes,
1326 1919 1434 1972 ain.

209 2000 368 2034 cerent.

270 2066 347 2110 W.
391 2059 619 2119 Modeste,
654 2076 701 2109 ut
734 2080 927 2121 semper,
959 2068 1009 2110 de
1035 2078 1077 2113 te
1098 2068 1296 2124 judicas,
1327 2069 1449 2125 Lyn.

216 2144 320 2187 dene
343 2156 355 2186 ε
380 2153 420 2186 et
447 2155 614 2197 poteras
641 2144 821 2187 certiore
842 2146 962 2186 etiam
988 2156 1084 2186 cum
1118 2147 1278 2188 ratione
1300 2147 1450 2190 Philo-

220 2224 387 2278 sophiae:
427 2226 620 2264 scientem
667 2232 707 2263 te
743 2221 884 2272 ferre,
939 2232 1064 2274 quam
1111 2223 1232 2265 multi
1268 2226 1455 2266 novitiae

180 2332 183 2333 γ
222 2298 430 2341 formulae
455 2309 701 2341 sectatores.
740 2297 850 2339 Nam
867 2329 880 2350 ,
908 2310 959 2340 ne
979 2298 1028 2340 dt·
1047 2299 1149 2340 meis
1172 2299 1305 2341 dicam
1330 2301 1458 2341 scho-

178 2418 181 2421 ,
226 2373 312 2421 lis,
338 2374 381 2414 in
412 2374 570 2425 quibus
595 2374 826 2416 Historiam
855 2374 1156 2427 Philosophiae
1182 2377 1456 2429 cognovisti:

228 2450 466 2493 domestico
500 2462 612 2492 certe
648 2452 790 2493 studio
842 2450 1054 2506 Logicum
1097 2464 1230 2492 meum
1273 2452 1465 2494 libellum

230 2526 518 2583 perdidicisti:
540 2528 790 2572 Ciceronem
808 2557 825 2582 ,
859 2528 1188 2580 Xenophontem
1202 2559 1217 2582 ,
1236 2528 1469 2582 Diogenem

231 2642 254 2661 „⁷
291 2601 386 2647 Vol.
417 2600 475 2646 11.
944 2601 996 2660 ,O
1342 2603 1473 2657 haere
