1693 3110
484 156 595 202 An
664 153 1183 200 HEUSDIUM.
1383 170 1438 216 37

213 280 349 325 nibus
372 277 533 320 Timaei
558 278 744 320 Lexicon
772 275 940 318 Vocum
963 277 1268 320 Platonicarum
1286 309 1301 329 ,
1331 292 1427 322 cum

220 355 520 398 commentario
552 352 791 395 Ruhnkenii
829 355 991 405 nostri,
1035 367 1160 409 cujus
1197 353 1267 396 Tu
1306 357 1432 396 ratio-

219 443 313 474 nem
340 440 416 472 tuo
440 430 522 471 hoc
545 430 587 471 in
610 428 754 469 libello
781 426 1040 469 laudabiliter
1061 441 1229 471 secutus
1251 444 1307 472 es.
1372 432 1429 472 Et

219 519 269 548 ut
301 506 345 548 in
389 504 586 548 omnibus
624 501 708 543 illis
742 501 1026 554 scriptoribus
1058 503 1296 555 frequentes
1331 517 1430 549 sunt

220 579 409 623 Platonis
443 577 555 628 loci,
599 576 670 618 vel
696 576 748 618 ad
783 577 958 619 verbum
994 580 1208 630 appositi,
1240 584 1304 623 vel
1341 583 1434 624 imi-

220 656 347 697 tando
370 651 580 706 expressi,
613 650 688 704 qui
717 654 882 694 valeant
905 653 956 694 ad
986 652 1177 696 Platonis
1203 668 1297 697 cum
1328 658 1434 698 scri-

217 742 383 783 pturam
409 728 732 780 emendandam,
764 737 854 770 tum
882 728 1128 770 sententiam
1163 729 1435 782 interpretan-

219 807 341 848 dam:
376 805 432 845 ita
464 804 507 846 in
540 803 688 856 primis
721 804 827 845 ratio
858 804 1044 846 habenda
1063 813 1128 846 est
1153 805 1436 858 philosopho-

217 894 341 933 rum,
384 893 470 923 non
505 880 644 922 solum
682 878 1024 931 Platonicorum,
1070 880 1142 921 sed
1176 881 1432 933 reliquorum

215 957 312 999 inde
337 957 389 998 ab
419 955 649 997 Aristotele
681 956 732 996 ad
763 964 945 996 extrema
968 954 1050 996 fere
1072 953 1303 1007 Byzantina
1327 967 1434 999 tein-

216 1045 318 1087 pora
352 1032 570 1082 omnium3
605 1030 761 1082 quippe
796 1030 839 1071 in
868 1030 1026 1083 quibus
1055 1032 1174 1072 multi
1211 1032 1348 1074 adhuc
1374 1035 1434 1075 la-

215 1117 304 1150 tent
327 1107 430 1148 tales
462 1106 574 1157 loci,
607 1106 792 1147 nondum
814 1117 835 1145 a
859 1104 1105 1147 novissimis
1129 1106 1430 1159 interpretibus

216 1181 492 1226 animadversi
516 1190 557 1222 et
581 1181 763 1223 excussi.
823 1179 977 1232 Neque
998 1181 1081 1222 hoc
1102 1180 1157 1222 ita
1183 1182 1308 1233 dico,
1332 1196 1436 1235 qna·

213 1260 252 1302 si
277 1256 466 1300 Platonis
487 1257 535 1297 de
559 1255 835 1309 philosophia
854 1256 1100 1299 sententiam
1128 1258 1250 1299 velim
1272 1271 1434 1313 cogno-

214 1334 277 1377 sci
302 1334 546 1384 censerique
570 1344 618 1373 ex
645 1332 927 1384 posteriorum
956 1334 1267 1376 commentariis
1290 1319 1435 1379 Philo-

214 1409 463 1462 sophorum.
528 1410 659 1449 Unam
685 1418 922 1460 spectamus
958 1410 1262 1462 grammaticam
1302 1412 1431 1453 ratio-

213 1497 334 1535 nem,
381 1484 481 1535 quid
514 1484 728 1535 scripserit
764 1485 1023 1535 senseritque
1056 1486 1199 1526 Plato:
1237 1498 1326 1527 vere
1352 1499 1429 1529 nec

214 1571 267 1603 ne
303 1558 508 1609 senserit,
544 1571 668 1600 suum
704 1558 860 1609 cuique
888 1558 1094 1610 judiciuin
1133 1559 1428 1612 relinquimus.

212 1635 332 1689 Quot
369 1633 476 1673 enim
508 1643 609 1673 sunt
639 1632 855 1673 hominum
876 1632 1044 1684 capita,
1077 1642 1142 1676 tot
1167 1645 1268 1677 sunt
1289 1639 1426 1679 diver-

209 1725 254 1755 sa
275 1711 456 1765 judicia:
492 1709 896 1764 &adiudicandum
934 1711 1018 1753 fere
1053 1713 1253 1756 inclinare
1285 1720 1427 1764 solent

209 1787 345 1840 capita
371 1786 505 1828 inania
532 1786 732 1828 historiae
752 1786 1060 1841 philosophae,
1081 1800 1121 1831 et
1151 1791 1276 1835 unius
1294 1794 1427 1838 alicu-

204 1864 274 1919 jus
300 1862 486 1916 magistri
511 1863 688 1904 decretis
718 1873 941 1916 occupata.

216 1980 221 1988 ,
265 1939 466 1992 Superest
484 1969 498 1991 ,
531 1949 577 1980 ut
599 1941 648 1981 de
670 1940 722 1982 iis
749 1953 988 1985 moneamus
1011 1944 1324 2000 Scriptoribus,
1348 1952 1426 2004 qui

209 2025 306 2058 ante
341 2015 554 2056 Platonem
588 2014 784 2067 fuerunt,
818 2029 926 2069 quos
952 2031 974 2059 a
1008 2021 1255 2064 novissimis
1294 2024 1424 2078 hujus

211 2090 444 2133 editoribus
480 2091 863 2145 interpretibusque
886 2106 1032 2146 parum
1059 2098 1194 2140 adhuc
1227 2102 1424 2153 cognitos

211 2166 512 2220 adhibitosque
553 2170 937 2215 animadvertiinus.
1006 2171 1116 2216 Sunt
1159 2177 1224 2216 vel
1260 2177 1425 2220 solutae

214 2243 418 2286 orationis
453 2244 708 2298 scriptoreS,
741 2247 806 2289 vel
841 2248 1010 2300 poetae,
1045 2252 1110 2293 vel
1141 2251 1424 2307 philosophi,

212 2318 280 2362 vel
314 2329 565 2373 utrumque:
607 2335 838 2375 eorumque
874 2325 1029 2378 scripta
1066 2328 1129 2368 vel
1162 2340 1422 2384 supersunt,
1470 2338 1472 2340 ’

211 2395 279 2437 vel
303 2396 528 2446 perierunt.
599 2400 646 2440 In
673 2399 850 2442 citandis
876 2403 1121 2446 auctoribus
1157 2406 1315 2456 primus
1344 2407 1424 2446 fre·

214 2483 348 2526 quens
373 2484 463 2516 esse
491 2475 630 2529 coepit
666 2477 943 2521 Aristoteles:
978 2492 1113 2533 neque
1136 2491 1272 2524 tamen
1295 2482 1422 2523 infre-

829 2554 869 2599 C
902 2569 925 2609 3
1289 2573 1421 2613 quens
