1693 3110
247 190 302 234 42
617 171 1102 222 EPISTOLA

248 302 483 344 videbatur.
540 297 599 339 Et
625 295 741 348 quod
762 309 896 349 nuper
915 296 1134 350 repentino
1159 298 1372 354 itnpulstt,
1403 301 1458 344 'et

246 376 369 429 quasi
401 374 538 429 ipsius
575 372 764 415 Platonis
800 372 1033 423 instinctu,
1075 375 1125 414 ad
1159 375 1248 427 ejus
1273 377 1457 420 Phaedo-

246 464 338 495 nem
365 450 566 492 edendum
597 460 661 489 me
685 448 875 502 conjeci:
908 449 1028 490 nolui
1065 448 1166 491 Tibi
1202 451 1353 493 librum
1388 453 1454 494 in-

243 527 446 576 scribere,
462 526 583 579 qu'us
607 524 732 566 nobis
755 537 841 566 non
867 534 976 566 esset
1000 537 1224 568 commune
1241 527 1447 571 stud1um.

245 601 402 653 Neque
433 612 531 642 vero
569 600 758 654 privatus
794 599 877 641 fuit
918 600 1158 651 infrequens
1193 612 1457 654 proventus,

243 678 291 720 in
317 676 502 729 antiquis
529 676 819 728 Scriptoribus
843 676 908 717 vel
931 677 980 718 ad
1004 689 1142 719 meum
1170 691 1292 720 usum
1316 678 1371 719 ita
1394 692 1456 720 re-

241 753 459 806 legendis,
500 759 547 792 ut
572 751 675 791 mihi
704 751 862 793 viderer
893 752 1038 793 inultis
1079 752 1186 794 locis
1218 756 1267 794 ad
1298 755 1462 797 intelli-

245 828 427 883 gentiam
452 836 492 868 et
520 826 847 868 emendationem
876 827 1136 880 profecisse:
1170 830 1234 870 vel
1260 829 1459 882 interpre-

247 904 388 946 tandis
413 904 463 945 ad
497 901 803 954 discipulorum
831 903 1171 946 institutionem:
1207 917 1292 956 quo
1316 905 1358 946 in
1383 918 1455 959 ge-

247 992 345 1025 nere
376 977 630 1020 Horatianos
668 979 873 1030 quosdam
904 978 1064 1030 libros,
1094 981 1224 1022 veluti
1248 981 1365 1022 illum
1391 981 1456 1022 De

244 1057 350 1100 Arte
378 1054 544 1097 Poetica
568 1082 584 1104 ,
623 1053 861 1104 Epistolam
908 1055 959 1096 ad
999 1056 1270 1108 Augustum,
1322 1057 1456 1107 alios,

244 1132 451 1185 quosdam
483 1129 579 1170 item
612 1127 900 1182 Virgilianos,
934 1139 1021 1170 tum
1058 1131 1363 1174 Ciceronianos
1394 1133 1458 1174 De

244 1207 438 1257 Officiis,
469 1205 518 1246 de
545 1203 760 1254 Legibus,
792 1204 855 1246 De
890 1205 1092 1257 Oratore,
1123 1207 1188 1248 De
1214 1207 1455 1250 Divinatio-

238 1296 321 1334 ne,
353 1282 416 1324 De
454 1281 707 1331 Senectute,
749 1280 813 1321 De
853 1280 1080 1332 Amicitia,
1119 1282 1359 1333 Paradoxa,
1403 1294 1457 1324 ne

244 1358 378 1400 dicam
403 1358 452 1398 de
484 1355 760 1397 Orationibus
795 1366 835 1397 et
870 1356 1108 1408 Epistolis:
1140 1358 1218 1399 hos
1253 1358 1384 1411 igitur
1406 1359 1457 1399 li-

241 1433 344 1476 bros
381 1433 423 1474 in
461 1431 622 1474 scholis
662 1431 763 1472 meis
799 1431 1097 1483 interpretatus
1138 1445 1231 1473 sum
1268 1434 1319 1474 ad
1363 1446 1457 1476 eum

243 1510 413 1551 modum
432 1539 447 1559 ,
473 1506 547 1558 qui
570 1504 657 1547 fere
679 1519 811 1548 novae
834 1506 1029 1548 editionis
1056 1506 1187 1548 instar
1218 1520 1344 1551 esset.
1387 1509 1456 1552 Ex

242 1584 312 1640 his
337 1596 468 1636 quum
494 1590 589 1623 ante
617 1580 831 1624 biennium
848 1612 862 1632 ,
893 1582 1011 1623 illum
1048 1582 1110 1624 De
1134 1583 1359 1626 Senectute
1380 1585 1477 1638 Τίῳ

241 1659 287 1701 bi
323 1659 573 1711 inscriptum
613 1657 728 1698 edere
762 1656 1110 1709 constituissem,
1153 1659 1309 1712 Tuque
1342 1660 1457 1703 illam

246 1747 364 1788 spem
405 1734 555 1775 lubens
591 1733 880 1784 praeciperes,
912 1744 1010 1773 mox
1045 1734 1259 1786 intellexi,
1297 1736 1333 1777 si
1364 1736 1460 1788 qui·

242 1811 333 1852 dem
368 1821 456 1851 non
486 1808 612 1848 modo
645 1807 769 1858 aliis,
812 1807 887 1847 sed
918 1806 1006 1858 ipse
1040 1807 1171 1859 mihi,
1216 1810 1458 1855 satisfacere

242 1886 396 1927 vellem
417 1914 432 1934 ,
463 1890 664 1935 apparatu
690 1882 892 1923 variarum
922 1882 1149 1925 lectionum
1187 1895 1234 1924 ex
1269 1885 1456 1937 antiquis

241 1960 362 2002 libris
401 1971 510 2010 opus
548 1957 638 1998 fore
669 1957 892 2009 ampliore,
930 1970 1052 2009 quam
1088 1969 1211 2010 quem
1237 1959 1330 2011 ipse
1352 1970 1458 2002 tem-

245 2048 350 2090 pore
394 2045 474 2076 tam
520 2034 665 2075 multis
715 2033 930 2075 laboribus
961 2044 1170 2086 occupato
1201 2035 1453 2088 colligerem.

242 2112 394 2163 Itaque
436 2110 516 2151 hoc
556 2109 785 2150 editionum
821 2118 890 2150 aut
924 2109 1152 2162 abjecimus
1196 2111 1457 2164 consilium,

247 2196 320 2228 aut
355 2195 465 2226 certe
507 2184 550 2225 in
584 2195 798 2236 posterum
846 2184 1086 2238 rejecimus:
1135 2196 1175 2226 et
1211 2185 1246 2226 si
1281 2187 1384 2238 quid
1416 2187 1459 2229 in

247 2260 491 2303 scholarum
524 2270 758 2301 nostrarum
794 2260 961 2301 dictatis
986 2272 1117 2301 novae
1141 2261 1250 2301 lucis
1275 2261 1460 2312 inesset,

247 2345 385 2377 totum
421 2335 500 2376 hoc
536 2335 577 2376 in
612 2335 873 2377 Bibliotheca
896 2336 1086 2388 Critica,
1119 2337 1155 2377 si
1182 2338 1349 2389 quando
1370 2349 1459 2378 cam

248 2413 603 2461 instauraremus,
636 2411 808 2462 prodere
830 2411 1105 2454 decrevimus.
1166 2413 1262 2456 Huc
1293 2413 1459 2455 accede-

248 2484 321 2527 bat
358 2484 592 2540 Hengstius
628 2495 802 2542 noster,
844 2489 1021 2532 subinde
1064 2489 1253 2545 flagitans
1287 2498 1333 2531 ut
1369 2486 1454 2529 sibi

1390 2560 1463 2605 1310
