1693 3110
513 184 1170 253 PARENTAMA.
1372 197 1461 246 333

237 315 343 355 team
378 309 679 354 correctionem
712 309 960 362 laudantes,
1008 311 1223 364 diximus,
1255 323 1347 354 eum
1382 311 1450 352 di.

237 401 365 443 gnum
402 385 662 441 professoria
707 386 931 438 cathedra,
974 388 1110 430 adhuc
1155 387 1199 429 in
1243 381 1448 430 subsellio

237 463 496 506 scholastico
524 463 805 516 praeceptoris
841 462 1006 505 infimae
1032 464 1180 507 classis
1214 460 1453 516 acquiesce-

237 552 298 582 re.
367 540 446 581 Sed
483 550 524 580 et
559 539 662 580 alias
698 538 748 579 ab
787 550 838 580 eo
872 538 1004 581 factas
1041 552 1132 581 esse
1167 540 1451 583 correctiones

239 614 525 657 meminimus.
596 612 778 654 Exstant
807 623 920 654 certe
951 614 1058 654 edita
1093 615 1183 667 eJ'us
1220 613 1455 656 industriae

240 704 366 745 opera
406 691 525 733 duo:
576 690 790 741 alterum,
845 688 1099 731 Rudimenta
1145 689 1455 731 Grammaticae

230 767 447 809 Graecae:
491 766 696 818 alterum,
731 765 944 818 accessio,
987 777 1110 817 quam
1138 765 1257 817 ipse,
1296 763 1454 806 sodalis

236 842 570 894 Philomathiae,
601 841 815 894 Epistolis
844 849 883 882 et
908 839 1146 893 Appendici
1170 839 1328 881 Primae
1349 851 1456 882 con-

237 917 358 961 tulit.
408 917 476 959 Ex
499 916 654 968 quibus
675 914 874 957 omnibus
899 914 1136 956 existimare
1157 915 1253 956 licet
1269 946 1283 966 ‚
1322 926 1456 966 quan-

239 998 330 1032 tum
351 993 441 1046 ejus
466 992 639 1033 scientia
663 991 788 1034 nobis
814 990 1050 1032 Literarum
1076 990 1262 1032 fructum
1286 987 1455 1031 attulis-

238 1078 303 1109 set
321 1097 337 1119 ,
367 1068 404 1110 si
435 1068 519 1110 vita
552 1068 635 1121 ipsi
662 1078 701 1109 et
731 1068 898 1121 longior
919 1080 958 1109 et
987 1068 1154 1109 facilior
1183 1067 1452 1120 contigisset.

294 1144 371 1186 111.
403 1143 578 1186 Tertius
602 1140 686 1185 fuit
706 1144 1006 1186 lVassenarius
1029 1153 1201 1196 noster,
1221 1144 1285 1197 cuj
1296 1155 1344 1185 us
1370 1155 1456 1184 me-

234 1220 409 1262 moriam
439 1219 480 1261 in
503 1219 714 1273 principio
740 1220 871 1274 hujus
898 1214 1001 1260 ‘libri
1026 1219 1248 1262 edidimus·

292 1293 370 1337 IV.
417 1292 639 1348 Quartus,
680 1292 924 1335 Fredericus
951 1293 1139 1347 Jacobus
1175 1293 1372 1345 Bastius,
1414 1301 1456 1336 et

235 1369 330 1425 ipse
362 1370 430 1413 bis
468 1384 490 1413 a
527 1370 655 1412 nobis
690 1370 916 1421 laudatus,
948 1369 1236 1413 Bibliothecae
1267 1369 1454 1413 Criticae

227 1446 277 1489 P.
303 1459 367 1488 xx.
400 1458 444 1498 p.
474 1446 582 1497 118,
611 1454 652 1486 et
682 1444 988 1487 Philomathiae
1013 1443 1148 1487 Libro
1175 1457 1240 1496 11,
1274 1458 1317 1498 p.
1349 1448 1446 1498 248.

225 1511 370 1565 Natus
411 1522 452 1564 d.
493 1534 573 1563 xv1
607 1516 783 1572 Martii,
828 1536 867 1563 a.
897 1533 1176 1571 MDCCLXXI,
1207 1521 1452 1564 Buxoviua-

228 1602 314 1643 riae
336 1599 654 1655 (Buchsweiler
668 1599 689 1652 >
705 1630 720 1649 ,
741 1600 900 1652 oppido
921 1600 1096 1640 ditionis
1123 1598 1291 1640 Hasso-
1305 1600 1452 1641 Darm-

233 1675 459 1716 stadiensis
480 1675 522 1716 in
549 1674 738 1715 Alsatia:
773 1672 846 1713 ubi
872 1682 986 1726 pater
1007 1683 1092 1714 erat
1117 1673 1341 1726 Gymnasii
1367 1672 1453 1716 Re·

231 1761 358 1802 ctor,
388 1751 637 1804 Praeceptor
668 1750 935 1803 Seyboldus,
967 1749 1068 1792 alibi
1092 1750 1218 1792 nobis
1242 1759 1414 1792 notatus
1434 1780 1453 1801 ,

231 1835 440 1867 caeterum
478 1824 677 1878 elegantis
721 1824 933 1866 doctrinae
978 1837 1065 1867 non
1106 1837 1281 1878 experS,
1322 1829 1446 1880 cuius

232 1907 480 1959 disciplinae
513 1919 616 1958 puer
651 1906 828 1947 multum
861 1904 1021 1947 debuit.
1085 1904 1347 1959 Theologiae
1380 1906 1453 1949 de·

231 1983 446 2032 stinatus,
490 1981 590 2022 huic
627 1982 804 2033 aliisque
835 1979 994 2023 Literis
1031 1982 1314 2035 percipiendis
1348 1982 1453 2025 ado·

233 2061 393 2101 lescens
425 2057 568 2112 Jenam
592 2057 747 2109 petiit,
778 2056 926 2097 salario
959 2057 1129 2111 adjutus
1170 2070 1191 2098 a
1224 2057 1452 2099 Serenissi-

230 2147 297 2176 ma
324 2134 516 2184 Amalia,
547 2133 683 2174 Ducis
719 2132 1097 2176 Saxovirnariensis
1132 2146 1286 2186 matre,
1319 2135 1451 2177 bona-

226 2225 321 2256 rum
352 2212 504 2255 artium
535 2223 710 2266 patrona
748 2213 907 2265 egregie
936 2212 1075 2256 docta.
1138 2213 1235 2255 Huc
1262 2214 1378 2255 venit
1403 2226 1442 2256 a„

231 2302 548 2333 mochxxxw
571 2319 587 2340 ,
633 2288 971 2340 quinquennium
1019 2299 1189 2329 manens
1217 2318 1232 2340 ,
1282 2289 1448 2331 audivit

229 2363 555 2406 Griesbachium
573 2394 587 2416 ‚
624 2364 920 2406 Doederlinum
940 2394 953 2413 .,
980 2363 1260 2405 Rcinholdum
1277 2395 1291 2416 ,
1310 2363 1446 2415 alios,

230 2450 406 2481 maxime
434 2439 620 2480 omniurn
650 2440 716 2480 Sc}
737 2438 929 2489 utzi!·m,
958 2438 1186 2481 Literarum
1209 2451 1450 2483 nostrarum

230 2516 384 2568 decus,
410 2527 495 2569 quo
521 2524 693 2559 auctore
726 2527 773 2557 ac
800 2526 972 2557 uectore
996 2527 1038 2557 se
1062 2516 1206 2556 iisdem
1232 2526 1449 2556 consecra-

1368 2598 1447 2631 vit.
