1693 3110
466 154 588 205 ΑΠ’
645 146 1167 202 izo'scurUM.
1364 161 1430 220 ς,

204 290 322 329 ‘mum
347 280 646 335 ingeniumque
667 291 805 325 vetere
835 281 1058 329 Musarum
1082 283 1336 326 commercio
1361 297 1424 327 re-.

207 368 317 403 creat
342 368 380 399 et
405 368 630 401 sustentat.

252 433 365 476 Huic
388 434 794 489 conJ‘unctissimuS,
819 433 988 486 ingenio
1011 432 1050 476 et
1069 443 1304 487 temporum
1328 434 1419 478 for·

203 515 306 549 tuna
329 510 580 561 persimilis,
600 508 806 550 Nicolaus
824 509 1098 561 paradysius‚
1120 511 1305 552 medicus
1324 524 1425 559 πολ·

203 590 283 631 λῶν
305 586 486 637 ἀντάξιος
507 585 668 636 ἄλλων,
696 584 781 638 jam
817 594 919 625 tunc
950 585 1118 637 J'uvenis
1143 586 1318 637 eleganti
1344 586 1420 629 Li-

201 667 376 701 terarum
412 670 453 701 et
485 659 730 701 Latinitatis
762 659 926 713 judicio
956 659 1146 700 valebat:
1181 672 1263 701 usu
1295 673 1334 702 et
1359 675 1423 705 ra-

197 734 314 777 tione
347 736 575 778 medicinae
598 735 806 777 excellens
843 734 1083 776 assumebat
1116 734 1333 778 historiam
1361 751 1425 779 ar.

198 809 280 862 tis,
310 821 358 852 ut
390 811 515 852 sciret
550 811 654 863 quid
677 811 876 863 antiquae
899 820 1010 852 esset
1035 811 1278 863 doctrinae,
1310 814 1419 865 quid

197 887 468 936 recentioris:
495 887 693 929 Veterum
709 896 749 929 et
775 887 1086 939 slmplicitatem
1113 898 1357 940 sequeretur
1378 898 1420 932 et

197 963 486 1004 auctoritatem
514 974 724 1014 tueretur,
752 975 925 1015 eamque
952 963 1002 1004 ab
1029 973 1282 1005 novatorum
1308 967 1418 1006 cala-

196 1037 355 1079 mistris
378 1048 418 1078 et
443 1038 652 1080 cincinnis
676 1039 876 1092 integram
911 1047 1120 1080 servaretz
1157 1039 1307 1080 similis
1332 1041 1415 1080 hac

193 1113 240 1159 in
262 1126 309 1153 re
330 1114 486 1156 scilicet
510 1115 610 1156 Tibi
625 1116 708 1166 ,mi
725 1114 881 1156 Boschi
896 1145 910 1165 ,
937 1114 1158 1165 antiquum
1185 1114 1380 1156 obtinens
1396 1128 1411 1157 ε

193 1198 397 1229 caeterum
425 1203 592 1241 serino,
627 1195 767 1244 rra-§px
801 1192 902 1241 μὲν,
930 1191 1044 1233 ἀλλὰ
1080 1190 1202 1240 μάλα
1233 1194 1407 1243 λιγέως,

196 1275 246 1305 ex
270 1265 461 1307 audiendi
491 1266 658 1308 silentio
686 1277 725 1307 et
752 1266 967 1319 cogitandi
992 1266 1182 1307 acumine
1204 1267 1413 1309 existebat

196 1340 396 1392 subtilis,
429 1343 708 1395 perspicuus,
743 1342 833 1382 suis
864 1341 1055 1394 partibus
1096 1353 1259 1393 nexilS,
1289 1342 1417 1385 inter-

190 1429 365 1470 spersus
396 1418 615 1470 leporibus
644 1428 684 1461 et
719 1417 890 1460 aculeis.
951 1416 1081 1458 Nunc
1107 1429 1156 1459 ex
1181 1428 1315 1459 vetere
1339 1432 1413 1461 soa.-

189 1495 271 1536 dali
297 1508 436 1537 novus
463 1496 652 1548 collega,
688 1505 811 1546 saepe
836 1492 940 1533 mihi
965 1492 1152 1534 sodalitii
1176 1492 1292 1535 illius
1315 1494 1413 1535 dul-

189 1571 374 1618 cedinem
396 1580 437 1612 et
460 1580 595 1611 narrat
616 1578 655 1610 et
679 1567 818 1610 refert.
878 1567 960 1608 Sed
984 1579 1111 1620 pergo
1133 1568 1184 1616 ad
1203 1579 1407 1615 caeteros.

244 1647 378 1690 Henr-
411 1646 566 1693 Const,
600 1644 736 1694 Cras,
769 1643 911 1685 eodem
932 1674 947 1694 ,
980 1656 1068 1696 quo
1107 1656 1213 1697 ego,
1245 1654 1408 1698 tempo-

187 1735 257 1772 re,
286 1721 478 1774 privatus
501 1721 596 1761 item
613 1749 628 1770 ‚
648 1719 777 1760 Leida
801 1720 1163 1760 Amstelodamum
1184 1720 1234 1760 ad
1257 1734 1410 1763 ornan-

187 1799 278 1840 dam
303 1796 535 1838 cathedram
572 1803 777 1836 vocatus:
812 1806 918 1846 quae
942 1793 1137 1836 fortunae
1158 1797 1406 1840 communio

182 1874 365 1927 primum
392 1871 545 1914 notitia
570 1883 678 1921 nos,
710 1880 799 1912 tum
826 1871 1130 1913 consuetudine
1153 1881 1193 1913 et
1225 1873 1408 1916 amicitia

183 1948 453 1992 conciliavit:
487 1948 537 1988 ad
556 1946 941 2002 Jurisprudentiam
965 1948 1192 1990 docendam
1217 1949 1301 1990 duo
1322 1962 1408 1993 ma.

183 2039 264 2081 gna
290 2025 527 2075 adferebat,
561 2022 719 2075 quibus
756 2034 844 2063 eam
869 2035 908 2064 et
933 2022 1114 2065 firmaret
1138 2033 1177 2064 et
1204 2035 1368 2065 ornaret
1384 2055 1399 2076 ,

180 2103 441 2156 adjtimenta:
485 2100 656 2140 alterum
673 2128 687 2149 ,
735 2110 857 2139 usum
905 2098 1129 2140 Ciceronis
1155 2129 1171 2151 ,
1224 2101 1404 2153 indeque

181 2179 349 2220 ductam
372 2176 547 2218 Latinae
567 2173 770 2216 orationis
792 2174 1047 2216 bonitatem:
1070 2176 1246 2217 alterum
1261 2207 1276 2228 ,
1302 2178 1400 2219 Phi-

181 2252 400 2304 losophiae
434 2251 745 2305 cognitionem3
789 2259 837 2290 ut
873 2250 982 2290 intel·
1015 2250 1230 2304 principes
1261 2253 1398 2307 Juris·

180 2327 422 2380 prudentiae
454 2337 493 2367 et
527 2329 579 2368 ad
611 2329 702 2380 ejus
737 2326 870 2367 laudis
907 2325 1225 2369 similitudinem
1253 2343 1398 2381 perve-

178 2403 313 2454 nerit,
348 2414 470 2453 quam
505 2402 651 2445 Servio
677 2401 867 2453 Sulpicio
893 2402 1045 2444 tribuit
1071 2403 1223 2445 Cicero
1255 2406 1394 2459 (Bru-

176 2486 222 2521 to
245 2492 329 2535 40,
360 2488 429 2533 41.
446 2478 497 2533 >z
528 2487 569 2520 et
593 2478 854 2541 eloquentiae
879 2479 1126 2525 assumserit
1159 2490 1318 2525 tantum
1344 2493 1391 2523 ut

1320 2557 1397 2612 Ju-
