1693 3110
243 138 322 191 198
608 127 1096 175 EPtsToLA

247 251 373 294 ticam
402 245 676 301 repudiarem.
742 242 884 297 Cujus
905 254 971 284 me
991 241 1293 295 repudiationis
1314 255 1365 290 eo
1385 247 1468 289 miz

246 339 330 370 nus
366 323 611 378 poenituit,
643 320 760 372 quod
797 329 944 372 postea
979 320 1167 373 cognovi
1198 324 1298 362 item
1331 322 1468 365 facero

245 411 288 444 et
309 400 461 442 fecisse
483 399 733 448 veteranos,
764 406 803 438 et
826 395 869 438 in
894 395 959 439 his
981 398 1223 448 complures
1247 398 1395 439 doctos
1419 407 1465 440 et

240 475 525 529 intelligentes
550 474 668 516 viros
696 473 739 515 in
765 473 1084 526 Metaphysicae
1109 472 1282 515 scientia
1304 474 1466 518 dudum

241 551 407 595 landem
447 550 626 604 adeptos
653 579 669 601 ,
711 549 1000 591 Eberhardum
1023 580 1039 601 ‚
1081 549 1467 605 Mendelsohnum‚

243 629 511 680 Platnemm,
534 626 741 669 Garvium
760 656 774 679 ,
802 627 1058 678 Herderum‚
1096 627 1127 667 F
1131 627 1322 679 ederum,
1362 626 1475 668 Mei-

240 705 428 748 nersium
447 737 461 757 ,
519 703 847 747 Tiedemannum
876 735 892 755 ‚
957 702 1229 745 Schwabium
1257 733 1273 754 ‚
1335 702 1474 743 Nico.

241 780 375 834 laium
393 810 408 831 ‚
434 778 702 823 wielandum
720 809 734 830 ,
755 778 1038 819 Reinhardum
1052 809 1066 830 ‚
1086 777 1303 819 Faickium
1321 807 1337 827 ,
1359 777 1476 818 Hen-

247 855 442 909 ningium
461 884 476 907 ‚
502 853 846 905 W'eishauptium
866 883 880 904 ‚
910 853 1184 895 Stattlerum:
1217 864 1394 905 quorum
1421 850 1480 901 εἷς

248 933 336 986 ἐμοὶ
368 933 521 986 μυρίοι,
560 942 669 972 unus
704 929 807 970 mihi
843 930 986 982 potior
1017 940 1081 972 est
1117 930 1254 972 decem
1286 929 1479 972 millibus

247 1007 426 1051 novitiis
462 1006 668 1060 imperitia
703 1018 779 1048 sua
814 1006 981 1059 captis,
1013 1006 1195 1049 novitati
1220 1007 1476 1060 applauden-

244 1084 383 1134 tibus÷
439 1082 498 1125 Et
521 1083 775 1125 nostratium
802 1083 1048 1135 paucissimi
1071 1095 1205 1125 novae
1227 1095 1364 1125 sectae
1386 1094 1478 1125 stu-

249 1162 435 1214 debant,
467 1171 506 1201 et
530 1160 573 1202 hi
595 1159 776 1211 novitii,
799 1161 915 1202 nulla
935 1171 1053 1202 antea
1079 1159 1381 1214 Philosophiae
1402 1173 1476 1203 co*

249 1238 443 1293 gnitione
468 1236 652 1285 subacti.
713 1236 782 1285 Ex
806 1236 963 1288 quibus
986 1249 1099 1279 unus
1132 1248 1205 1279 aut
1227 1239 1332 1279 alter
1353 1237 1477 1279 fami-

247 1315 366 1373 liaris
399 1326 461 1358 me
484 1313 757 1364 hortabatur⁵
790 1323 836 1353 ut
872 1312 961 1364 ipse
986 1325 1162 1364 quoque
1189 1312 1374 1355 Criticae
1396 1314 1479 1354 hu-

252 1393 323 1448 ius
356 1390 563 1433 beneficio
593 1400 758 1440 uterer,
789 1402 938 1442 meque
975 1389 1227 1431 Kantianum
1267 1389 1475 1433 facerem:

254 1467 327 1509 cui
354 1465 441 1509 fere
464 1465 796 1520 respondebam:
851 1496 879 1519 ,‚
907 1467 1003 1520 Ego
1029 1478 1069 1508 et
1097 1467 1142 1508 in
1180 1467 1338 1509 Literis
1368 1479 1408 1510 et
1441 1469 1487 1510 in

257 1574 288 1599 5,
315 1544 625 1598 Philosophia³
649 1556 777 1585 meam
803 1543 906 1585 mihi
927 1543 1086 1584 dudum
1109 1543 1310 1586 Criticam
1338 1553 1379 1584 et
1404 1545 1478 1586 ha-

259 1654 289 1677 „
318 1622 398 1664 beo
423 1632 462 1662 et
489 1632 638 1664 servo:
669 1621 754 1674 legi
777 1620 1031 1663 Kantianum
1056 1619 1244 1671 librum,
1274 1631 1349 1662 nec
1375 1633 1483 1673 pro-

258 1732 288 1754 „
317 1700 414 1742 bare
444 1698 601 1752 potui,
645 1709 751 1750 quae
794 1698 963 1750 quidem
1004 1697 1242 1740 intellexi.’²
1314 1697 1385 1740 Illi
1419 1709 1487 1740 me

258 1779 413 1820 docere
447 1775 580 1818 velle:
623 1786 702 1826 ego
739 1785 970 1815 sermonem
1003 1773 1048 1820 in
1087 1772 1204 1815 aliud
1243 1784 1487 1817 convertere

256 1859 553 1906 argumentum
569 1879 585 1900 5
605 1848 654 1889 de
680 1860 766 1900 quo
791 1849 901 1891 inter
923 1860 1005 1891 nos
1033 1849 1294 1892 conveniret.
1326 1848 1396 1891 Sic
1419 1861 1485 1893 me

260 1926 523 1981 ignorantiae
558 1935 599 1967 et
635 1925 842 1967 tarditatis
879 1925 1057 1968 obtentu
1088 1927 1111 1968 :t
1139 1927 1317 1968 molesta
1340 1939 1487 1975 eorum

263 2004 489 2047 sedulitate
510 2001 752 2045 liberabam„
813 2001 1080 2055 Quamquam
1115 2014 1165 2043 nc
1199 2001 1354 2044 novitii
1395 2002 1493 2055 qui-

264 2083 359 2131 dem
386 2089 532 2122 omnes
558 2077 715 2131 ingenii
741 2077 960 2130 studiique
982 2077 1105 2118 laude
1138 2085 1294 2122 carent.
1353 2075 1492 2129 Lapsi

263 2168 394 2211 sunt,
419 2156 573 2200 saeculi
604 2155 813 2205 illecebris
836 2165 876 2198 et
897 2155 999 2198 clari
1019 2154 1100 2199 viri
1126 2154 1398 2206 nominisque
1418 2153 1492 2195 ad-

266 2236 493 2288 miratione
509 2234 714 2291 judicium
739 2244 1028 2288 praecurrente
1046 2242 1086 2274 ct
1108 2241 1358 2284 occupante.
1404 2230 1492 2274 Cui

270 2315 364 2359 viro
389 2314 505 2366 quod
538 2312 741 2361 novitatis
770 2319 810 2352 et
847 2306 1180 2362 aomirabilitatis
1205 2307 1389 2359 captatio
1421 2306 1493 2348 adv

270 2394 392 2444 fuit,
422 2390 660 2439 Litergrum
696 2387 870 2435 scientia
903 2393 943 2428 et
976 2383 1280 2437 Philosophiae
1301 2380 1492 2424 Historia

266 2467 409 2521 defuit
433 2496 449 2523 ,
479 2465 542 2516 nii
577 2463 614 2507 ei
651 2463 794 2516 obfuit
828 2461 940 2518 apud
972 2472 1140 2515 novos„
1183 2459 1382 2515 ignaros,
1417 2467 1493 2504 1100

1359 2542 1497 2579 amm·
