1693 3110
267 200 353 247 374
565 176 1184 224 DISPUTATIO

267 311 540 358 solutamque
557 314 650 345 esse
665 331 680 354 ,
699 313 836 354 neque
859 301 1144 345 doctrinarum
1168 313 1258 346 esse
1278 316 1362 355 eam
1382 320 1487 352 cone

266 383 469 426 ditionem
485 370 513 433 ⁷,
552 389 601 421 ut
635 377 881 433 gravissima
917 391 1107 431 quaeque
1139 380 1375 425 firmissima
1410 386 1483 430 sit.

265 458 528 509 Enimvero,
560 468 612 498 ne
643 456 769 511 longe
805 455 1033 507 abeamus,
1065 469 1169 508 quae
1196 467 1337 510 potest
1361 472 1486 502 exco-

267 532 390 587 gitari
425 532 560 586 maj0r
594 530 846 584 graviorque
881 530 1099 583 doctrina,
1130 544 1252 584 quam
1279 545 1354 585 ea,
1385 545 1491 585 quae

263 609 312 652 in
349 608 529 650 Divinae
572 615 742 649 naturae
779 605 1059 659 explicatione
1098 609 1319 651 versatur?
1376 608 1493 651 Haec

265 695 351 727 una
374 684 485 726 inter
517 695 664 725 omnes
693 683 874 735 eminet,
905 692 1029 736 atque
1052 684 1254 725 altissima
1278 685 1409 726 veluti
1430 697 1495 727 ar·

267 769 317 800 ce
347 753 532 812 reposita
557 766 648 800 est-2
683 748 783 797 haec
814 751 968 798 mentis
987 743 1171 800 'nostrae
1195 741 1496 812 cogitationem

268 848 293 881 a
315 847 449 878 rerum
485 835 757 877 humanarum
789 835 1012 889 fragilitate
1034 850 1080 878 ac
1105 847 1262 879 terrena
1287 837 1402 880 faece
1425 838 1499 883 abe

270 912 418 964 ducit,
450 923 577 964 supra
611 922 725 953 astra
760 911 927 963 evehit,
958 920 998 953 et
1025 913 1075 953 ad
1098 913 1497 966 contemplationem

270 989 483 1032 convertit
501 990 592 1042 ejus
615 998 786 1030 naturae
803 1019 818 1039 ,
845 1000 952 1041 quae
966 1001 1154 1031 caussam
1180 998 1307 1041 atque
1329 988 1496 1031 fontem

270 1064 402 1120 hujus
431 1064 616 1108 universi
655 1065 873 1126 continet:
905 1065 1004 1106 haec
1039 1078 1136 1106 cum
1177 1064 1271 1106 aliis
1301 1064 1496 1113 discipli·

275 1142 371 1194 nis,
402 1151 491 1184 tum
527 1145 579 1187 iis
610 1127 829 1193 'maiximeff
863 1141 1018 1193 'quibus
1052 1150 1197 1185 nostra
1222 1141 1373 1182 nititur
1407 1131 1500 1181 feif-

273 1219 413 1271 citas‚
444 1231 550 1275 quae
581 1219 631 1260 ad
660 1218 771 1259 vitae
798 1220 1049 1269 morumque
1075 1217 1275 1259 rationem
1299 1226 1340 1258 et
1363 1218 1502 1261 virtuq

278 1296 339 1338 tis
366 1295 553 1337 studium
580 1293 819 1347 pertinent,
862 1292 992 1334 robur
1022 1305 1068 1334 ac
1097 1293 1402 1334 firmamentum
1434 1292 1506 1333 ad-

282 1372 440 1427 iungit.
516 1371 597 1413 Sed
630 1361 729 1412 huic
766 1370 839 1411 tali
883 1378 1105 1421 tantaeque
1139 1368 1386 1419 doctrinae,
1435 1366 1510 1420 qui

285 1460 439 1495 certam
473 1450 670 1492 scientiae
700 1449 938 1491 firmitatem
975 1448 1205 1491 conciliare
1229 1448 1516 1500 studuerunt,

290 1530 471 1580 quorum
508 1533 648 1578 neque
680 1537 879 1567 numerus
915 1524 980 1567 est
1003 1524 1213 1577 exiguus,
1243 1536 1377 1576 neque
1397 1522 1512 1565 vitu-

290 1602 472 1658 peranda
508 1601 734 1643 voluntas:
766 1611 816 1641 ex
851 1598 917 1641 his
942 1598 1074 1652 igitur
1099 1597 1441 1651 quotusquisque
1465 1597 1518 1638 il-

290 1680 397 1732 lud,
430 1678 549 1732 quod
573 1676 790 1730 suscepit,
820 1662 1030 1729 perfecit?
1065 1677 1197 1718 Immo
1218 1676 1514 1718 detrimentum

294 1755 418 1798 etiam
440 1754 635 1798 nonnulli
659 1753 874 1795 doctrinae
899 1752 998 1794 huic
1020 1752 1287 1793 adtuleruntz
1322 1751 1394 1802 qui
1420 1761 1519 1792 cum

300 1843 449 1874 omnes
471 1831 560 1885 ejus
581 1838 721 1883 partes
748 1828 973 1881 omniaque
999 1827 1151 1882 placita
1178 1840 1262 1870 uno
1288 1816 1527 1869 Mathemaess

294 1904 403 1951 ticae
426 1906 690 1949 necessitatis
716 1906 892 1951 vinculo
918 1905 1206 1958 constringere
1228 1914 1267 1946 et
1294 1902 1522 1955 complecti

295 1993 581 2035 conarentur,
624 1982 749 2025 bonis
791 1982 1037 2035 dubitandi,
1082 1983 1295 2036 plerisque
1332 1991 1522 2025 contern-

292 2060 425 2105 ‘nendi
447 2071 639 2102 caussam
663 2060 956 2113 praebuerunt.
1016 2059 1171 2111 Neque
1195 2067 1359 2110 poterat
1375 2086 1390 2108 ‚
1421 2067 1524 2109 pra·

297 2134 442 2188 fecto,
472 2137 555 2179 isto
587 2136 928 2189 demonstrandi,
959 2136 1049 2178 sive
1080 2134 1248 2184 studio,
1282 2135 1373 2175 sive
1406 2145 1520 2174 erro-

299 2220 372 2267 re,
405 2213 633 2266 quidquam
658 2217 897 2268 perversius
924 2215 1238 2267 capitaliusque
1265 2213 1459 2264 reperiri.

361 2290 470 2333 Nam
497 2290 660 2343 primo,
691 2290 995 2343 Philosophiae
1026 2300 1182 2330 munus
1217 2287 1540 2340 derelinqueba-e‘

301 2375 377 2419 tur
408 2368 706 2423 praecipuum:
741 2369 856 2420 quod
893 2365 1099 2421 ejusmodi
1127 2376 1217 2416 est,
1248 2376 1334 2406 non
1371 2372 1417 2405 ut
1447 2362 1533 2406 dis-

306 2455 445 2494 centes
480 2456 584 2488 vana
622 2445 825 2488 scientiae
856 2442 1155 2494 firmitatisque
1203 2442 1343 2494 specie
1382 2441 1431 2484 ad
1466 2452 1532 2481 as-

309 2522 570 2575 sentiendum
610 2522 893 2585 inducantur2
935 2521 1007 2573 sed
1041 2529 1088 2572 ut
1122 2531 1187 2570 res
1222 2527 1436 2583 perceptae
1475 2517 1536 2567 ita

1447 2600 1528 2635 tra*
