1693 3110
368 226 478 273 ΒΕ
545 219 982 269 UNITATE
1051 221 1224 267 DEI.
1323 222 1404 278 εει

177 353 327 408 {gitur
361 363 407 394 ex
447 348 620 402 Orpheo
662 344 822 389 adfert:
867 347 965 395 Ζεύς
1005 347 1136 400 ἀρχῆ,
1168 347 1269 393 Ζεῢς
1297 343 1400 398 μέσ-

185 447 274 480 σα,
318 429 413 475 Διὸς
444 425 480 471 δ’
519 427 562 468 ἐκ
607 424 745 467 πάντα
778 422 980 467 πέλονται.
1052 420 1188 477 Quem
1230 430 1400 463 versum

192 505 367 546 laudans
402 499 653 543 Plutarchus
684 499 735 540 de
767 496 933 540 Defect.
969 497 1097 540 Orac.
1134 510 1180 550 p.
1203 496 1303 550 436.
1342 496 1403 539 D.

192 578 253 620 ita
283 576 474 629 loquitur
506 576 556 618 de
586 572 773 627 Orphica
809 572 1110 627 physiologia:
1151 586 1246 613 cam
1291 571 1402 613 duae

190 657 278 696 sint
308 655 354 693 in
380 665 529 693 rerum
563 659 727 692 natura
753 652 883 691 omnis
908 657 1025 690 ortus
1048 658 1246 699 caussae,
1278 647 1404 688 Mens

190 729 363 784 efficiens
399 736 526 782 atque
569 728 788 778 materia‚·
829 725 875 765 hi
906 724 1111 780 potiorem
1159 722 1407 776 duntaxat,

189 806 395 846 nimirum
436 801 620 843 lisentem
661 800 958 851 celebrabant,
1001 800 1113 840 omni
1157 812 1302 841 rerum
1337 813 1408 841 ex-

185 879 416 937 plicationi
453 876 694 919 adhibentes
724 876 835 918 hane
864 878 1098 915 rationem:
1130 879 1232 924 Ζεῦς
1263 878 1404 930 ἁρχὴ,

191 959 293 1002 Ζεῦς
326 955 488 1008 μέσσω,
534 955 625 1001 Διὸς
661 949 698 996 δ’
735 954 778 995 ἐκ
812 950 947 994 πάντα
985 951 1200 1002 nemu-cxc,
1238 964 1409 992 caussas

192 1042 292 1073 vcro
333 1028 555 1069 naturales
588 1041 640 1069 ac
665 1029 924 1069 necessarias
956 1025 1249 1079 neglexerunt.
1301 1027 1413 1068 Sunt

193 1115 367 1156 quoque
414 1115 466 1145 ex
501 1102 583 1155 iis,
631 1102 706 1155 qui
747 1101 806 1143 ita
853 1101 1083 1144 recentiore
1126 1110 1315 1154 tempore
1358 1101 1412 1143 de

193 1178 415 1232 mysteriis
458 1177 749 1231 scripserunt,
789 1189 835 1219 ac
868 1177 906 1219 si
939 1176 1021 1229 ipsi
1060 1175 1242 1218 fuissent
1275 1176 1418 1220 initia-

194 1255 258 1297 ti:
305 1266 354 1296 ex
386 1253 451 1295 his
487 1253 617 1307 igitur
651 1252 773 1294 multi
809 1263 939 1304 sunt,
989 1252 1064 1304 qui
1097 1252 1250 1295 diserte
1286 1254 1331 1296 in
1363 1253 1417 1294 iis

202 1329 396 1370 traditam
439 1325 574 1369 fuisse
608 1328 843 1371 doctrinam
888 1328 940 1369 de
978 1327 1107 1369 unico
1143 1327 1240 1370 Deo
1275 1327 1413 1381 perhi-

175 1403 336 1462 beant.
412 1403 475 1444 De
508 1415 594 1456 quo
631 1404 799 1456 quidem
835 1416 911 1446 nec
945 1402 1202 1446 assentimur
1238 1415 1413 1457 magno·-

197 1492 327 1534 pere,
369 1491 446 1521 nec
482 1490 790 1532 repugnamust
838 1491 1092 1532 quamquam
1135 1491 1224 1522 eam
1261 1479 1418 1521 doctri-

207 1567 302 1598 nam
340 1567 363 1597 a
405 1555 704 1607 mysteriorum
753 1555 913 1598 ratione
942 1556 1114 1598 minime
1146 1554 1420 1598 abhorruisse

198 1640 419 1683 putemus.

253 1706 372 1750 Pleni
395 1718 498 1752 sunt
517 1708 687 1751 Parrum
722 1707 821 1750 libri
848 1708 1040 1752 versibus
1065 1709 1304 1764 Sibyllinis,
1366 1711 1427 1754 Et

194 1797 614 1829 ERYTHRAEAE
639 1785 806 1838 quidem
832 1797 1155 1837 SIBYLLAE‚
1177 1786 1426 1839 quamTro-

194 1863 299 1918 jano
323 1862 436 1904 bello
468 1862 657 1914 vixisse,
688 1862 899 1917 cujusque
922 1874 973 1904 ex
994 1862 1249 1905 carminibus
1275 1875 1424 1906 versus

194 1939 366 1980 circiter
393 1938 507 1979 mille
542 1937 725 1980 Romam
756 1938 906 1979 allatos
932 1935 1102 1981 ferunt:
1133 1939 1260 1991 hujus
1294 1938 1428 1991 igitur

195 2014 362 2066 aliquot
387 2025 535 2055 versus
577 2011 711 2055 adfert
745 2012 997 2055 Lactantius
1031 2012 1142 2054 Inst.
1177 2013 1217 2054 Ι.
1239 2025 1282 2065 7.
1318 2023 1358 2054 et
1383 2012 1427 2054 in

197 2089 253 2131 iis
277 2089 389 2131 hunc
405 2121 420 2142 ‚
453 2089 530 2138 Εἷς
552 2090 631 2138 θεὸς
657 2088 698 2137 ὃς
724 2090 840 2143 μόνος
873 2090 975 2133 ἔστιν
1002 2090 1297 2142 ὑπερμεγεθὴς,
1327 2088 1429 2140 ἐγέ-

197 2183 329 2217 armoe.
394 2165 509 2220 Piget
546 2165 707 2219 reliqua
742 2164 1002 2216 exscribere,
1034 2177 1140 2216 quae
1162 2164 1303 2207 omnia
1326 2175 1428 2207 sunt

200 2240 248 2282 in
272 2241 414 2283 eodem
453 2252 629 2294 genere:
660 2241 776 2295 piget
808 2241 984 2283 aliorum
1017 2240 1184 2283 Patrum
1214 2240 1334 2282 locos
1358 2242 1431 2283 ad-

201 2312 324 2356 ferre.
383 2315 534 2366 Neque
567 2328 717 2369 operae
756 2324 819 2358 est
853 2316 1033 2369 pretium
1070 2316 1296 2358 sententias
1329 2329 1429 2369 pro-

205 2387 315 2430 ferre
337 2400 385 2430 ex
411 2387 575 2439 Graeco
601 2391 709 2432 libro
724 2422 739 2443 ‚
773 2403 895 2443 quem
918 2390 1041 2433 iidem
1065 2391 1205 2432 Patres
1225 2400 1264 2432 et
1286 2390 1355 2432 alii
1380 2391 1434 2433 ad

205 2465 550 2516 antiquissimum
593 2466 904 2521 Aegyptiorum
937 2466 1279 2520 Philosophum,
1322 2466 1431 2508 Her-

208 2549 307 2585 men
345 2538 676 2597 Trismegistum
702 2541 853 2585 referre
878 2542 991 2586 haud
1025 2543 1284 2587 dubitarunt.
1344 2541 1435 2596 Sci-

1382 2619 1437 2663 fi-
