1693 3110
498 162 1149 211 PARENTALIA-
1351 186 1430 228 331

214 288 417 342 relegere,
436 285 577 341 vagari
599 298 672 340 per
691 287 848 330 multos
867 287 1028 342 libros,
1044 302 1095 331 ex
1118 289 1200 334 alio
1224 301 1267 332 m
1289 291 1422 336 alium

212 366 431 410 involare:
466 363 582 417 quod
613 375 745 416 genus
772 366 1010 407 studiorum
1036 376 1154 408 antea
1189 376 1431 408 contemne-

216 441 287 484 bat
304 473 318 494 ‚
351 443 412 485 nil
437 440 563 483 ordiri
587 440 671 482 nisi
698 440 813 492 quod
846 441 897 482 ad
919 439 1044 483 finem
1072 441 1340 495 perduceret,
1372 441 1435 484 nil

213 520 455 563 inchoatum
488 518 752 570 relinquere,
785 517 958 561 solitus,
1020 517 1177 560 Sanato
1210 518 1435 561 confirma..

209 606 340 650 toque
375 597 529 638 accidit
576 608 614 637 a.
661 605 848 636 MDcclc
893 603 939 635 ut
981 593 1151 636 Leidam
1188 597 1435 649 migrarem:

210 684 298 724 quo
321 680 360 715 et
386 670 480 723 ipse
502 682 566 711 me
590 670 712 723 sequi
733 670 910 721 volens,
936 680 1149 722 parentum
1165 670 1336 714 caritate
1358 672 1436 713 do-

209 746 269 789 mi
304 755 490 788 retentus
525 754 607 790 est.
683 745 749 787 Ibi
782 756 869 787 tum
908 746 1131 799 apparuit,
1177 749 1294 799 quod
1325 748 1433 790 alios

212 825 336 867 etiam
364 823 588 878 magistros
615 822 963 865 animadvertisse
986 835 1155 866 necesse
1178 833 1240 866 est
1258 854 1273 875 ,
1304 824 1435 868 disci-

207 901 337 956 pulos
367 902 572 953 quosdam
589 931 605 953 ,
642 899 834 952 quamvis
857 911 941 942 non
966 899 1149 952 amplius
1171 899 1214 942 in
1239 900 1433 944 scholam

203 977 491 1028 ventitantes,
522 986 659 1017 tamen
690 988 820 1029 porro
846 976 905 1017 ita
930 976 1106 1016 maxime
1129 976 1180 1016 ad
1209 974 1433 1028 proficien-

203 1053 302 1094 dum
321 1051 493 1105 Juvari,
527 1061 573 1092 ut
603 1062 727 1103 quam
751 1051 949 1103 proxime
975 1049 1221 1102 magistrum
1249 1052 1428 1104 degantt

202 1129 445 1182 cujusmodi
483 1128 584 1179 quid
620 1137 659 1170 et
696 1127 779 1168 sibi
811 1127 854 1169 in
889 1127 1071 1179 quodam
1111 1126 1308 1168 famlliari
1345 1139 1431 1169 usu

201 1206 368 1247 venisse
399 1204 596 1250 Socrates
635 1214 775 1246 narrat
813 1204 926 1256 apud
949 1203 1165 1245 Platonem
1190 1203 1234 1244 in
1257 1202 1429 1257 dialogo

200 1275 373 1333 Theage
415 1291 461 1331 p.
491 1291 534 1321 11
554 1309 569 1330 ,
607 1290 680 1320 12.
738 1277 874 1319 Filius
903 1278 1014 1331 apud
1039 1288 1230 1330 parentes
1255 1287 1428 1320 manens

201 1355 402 1410 paulatim
440 1355 701 1407 aliquantum
739 1366 788 1395 ex
814 1353 946 1407 priori
980 1354 1170 1396 discendi
1195 1355 1341 1396 ardore
1362 1365 1427 1395 re-

200 1432 342 1475 misit:
376 1432 598 1475 accedente
622 1430 865 1485 praesertim
893 1430 1105 1484 frequenti
1128 1431 1359 1473 amicorum
1384 1440 1427 1473 et

200 1519 482 1561 cognatorum
507 1507 852 1560 reprehensione,
871 1519 964 1549 eum
987 1506 1248 1558 culpantium
1264 1536 1279 1558 ,
1304 1506 1424 1559 quod

198 1582 245 1625 id
269 1581 411 1623 aetatis
447 1582 584 1622 adhuc
619 1581 733 1634 apud
769 1593 872 1622 suos
910 1581 1115 1633 aleretur,
1145 1593 1221 1623 nec
1248 1582 1340 1634 ipse
1363 1581 1423 1624 si·

197 1657 244 1699 bi
275 1658 435 1698 victum
470 1666 711 1709 quaereret,
745 1657 848 1708 sed,
881 1657 1028 1699 rel1cto
1065 1666 1320 1709 quaestuoso
1349 1671 1425 1711 pa·

197 1733 274 1775 tris
305 1733 477 1786 negotio
498 1763 513 1785 ,
555 1732 867 1776 infructuosam
908 1731 1067 1775 Literis
1102 1746 1269 1788 operam
1295 1747 1423 1778 nava-

194 1818 273 1853 ret.
342 1808 513 1865 Quibus
550 1809 643 1862 ipse
668 1810 836 1852 voculis
870 1810 992 1852 nullo
1027 1811 1195 1864 quidem
1228 1811 1353 1854 modo
1393 1812 1418 1854 ὲ,

191 1883 431 1928 Literarum
469 1886 617 1928 studio
635 1915 650 1936 ,
681 1885 751 1927 cui
784 1897 829 1927 se
853 1886 896 1928 in
922 1897 1169 1940 perpetuum
1194 1899 1418 1929 consecra·

192 1974 340 2016 verat,
372 1961 524 2005 abduci
562 1961 736 2015 potuit:
770 1961 844 2004 sed
876 1970 1014 2003 tamen
1048 1971 1290 2004 commotus
1322 1972 1414 2016 est,

193 2052 242 2088 ut
274 2044 319 2086 in
356 2046 540 2086 animum
572 2041 813 2092 induceret,
845 2052 917 2092 ea,
952 2048 1059 2093 quae
1084 2041 1331 2093 didicisset,
1362 2042 1415 2084 ad

189 2128 414 2172 quaestum
453 2116 673 2171 conferre,
717 2127 756 2160 et
797 2118 972 2170 primam
1015 2129 1227 2170 quamque
1260 2131 1414 2162 vacan-

189 2204 273 2238 tem
312 2195 610 2238 scholasticam
652 2193 849 2247 quamvis
889 2191 1100 2236 inferioris
1146 2194 1307 2237 ordinis
1343 2207 1414 2238 ca·

188 2271 374 2315 thedram
408 2280 562 2325 petere.
624 2274 770 2323 ltaque
792 2299 807 2321 ,
839 2269 882 2310 in
923 2267 1160 2321 Gymnasio
1194 2270 1411 2312 Amstelo·

185 2347 403 2399 damensi,
444 2346 610 2390 infimae
655 2346 808 2391 classis
856 2345 1106 2399 Praeceptor
1140 2345 1281 2389 factus
1321 2357 1402 2390 est.

185 2425 250 2470 Ibi
278 2437 408 2478 quum
433 2424 470 2466 ei
496 2425 790 2478 quotidianum
816 2435 928 2476 opus
955 2431 1093 2476 esset,
1128 2435 1201 2476 per
1223 2434 1407 2465 anteme-

184 2501 365 2549 ridianas
384 2512 424 2546 et
448 2501 756 2556 pomeridianas
783 2500 939 2553 horas,
971 2510 1198 2554 puerorum
1224 2498 1405 2550 animm,

1320 2581 1408 2623 pri·
