1693 3110
303 221 385 267 344
577 193 1229 250 PARENTALIA.

306 329 551 386 parentibus
579 327 734 380 pariter
755 327 880 369 amari
903 336 943 369 et
966 326 1129 370 curari:
1159 326 1299 368 iusum
1326 327 1495 370 et'seria
1509 332 1538 381 ‚'

307 408 414 449 laeta
440 414 480 446 et
504 402 670 456 tristia,
701 403 941 445 communia
979 401 1155 443 habere:
1186 402 1363 444 invicem
1391 404 1530 445 riden-

305 481 423 522 tibus
457 480 663 532 arridere,
693 479 893 521 flentibus
931 478 1102 521 adflere:
1136 479 1270 533 majus
1291 478 1410 520 etiam
1436 479 1530 520 vin·

304 558 451 601 culum
476 553 610 598 adfert
634 556 815 599 societas
851 554 1136 597 institutionis
1163 554 1364 607 puerilis:
1397 553 1525 608 longe

290 622 447 680 'autem
484 635 706 676 maximum
745 633 993 677 communio
1027 632 1228 687 juvenilis
1253 632 1527 685 discipiinae‚

310 723 354 758 et
374 713 635 767 cognitionis
664 712 967 766 elegantiorum
996 709 1231 752 Literarum
1250 740 1264 762 ‚
1298 720 1379 761 qua
1402 717 1442 748 et
1465 707 1533 748 in-

306 790 474 845 genium
513 789 564 831 ad
598 788 686 830 veri
710 787 936 841 pulei-ique
953 786 1162 839 J'udicium
1181 815 1196 836 ‚
1227 794 1267 826 et
1291 785 1455 826 animus
1479 784 1533 826 ad

309 865 542 917 virtutem,
585 865 824 917 excolitur3
870 864 981 915 unde
1020 862 1165 905 existit
1199 874 1395 913 morum,
1436 872 1541 903 sen--v

307 950 464 994 suum,
494 940 765 993 studiorum,
809 939 1079 991 similitudo,
1120 948 1161 981 et
1197 939 1290 991 ipsa
1321 936 1535 989 amicitia,

310 1019 484 1060 alterum
511 1028 560 1060 ut
586 1030 632 1060 se
653 1018 796 1073 ipsum
825 1029 965 1058 amans
981 1046 997 1069 ,
1023 1016 1114 1058 sine
1137 1028 1219 1075 qua
1242 1026 1366 1057 verus
1391 1013 1535 1054 frater-

310 1104 394 1135 nus
416 1106 534 1136 amor
556 1106 651 1136 esse
672 1093 838 1146 nequit.
899 1093 995 1147 Ego
1014 1104 1115 1134 vero
1142 1104 1270 1143 quum
1296 1102 1426 1133 unum
1449 1087 1536 1130 fra-

312 1180 441 1223 trem,
475 1179 515 1211 et
544 1180 630 1212 tres
666 1182 867 1222 sorores,
905 1169 1128 1219 haberem,
1159 1167 1291 1208 frater
1328 1179 1375 1208 ac
1408 1164 1535 1208 tertia

308 1257 433 1290 soror
459 1257 524 1288 me
540 1247 732 1301 juniores
760 1258 874 1288 nunc
902 1246 1022 1287 etiam
1051 1253 1305 1297 supersunt:
1339 1242 1409 1283 ille
1433 1239 1535 1282 belli

315 1333 358 1365 et
386 1322 503 1376 pacis
536 1322 698 1365 artibus
724 1321 944 1364 Minervae
969 1323 1162 1362 alumnus
1182 1351 1195 1371 ‚
1226 1318 1408 1361 emeritis
1444 1319 1534 1359 lau-·

316 1398 511 1441 dabiliter
529 1399 679 1451 longae
701 1397 874 1439 militiae
900 1397 1148 1450 stipendiis,
1164 1395 1247 1438 sibi
1265 1395 1399 1447 vivit,
1424 1394 1536 1436 suis-

314 1488 398 1528 que
434 1487 479 1517 se
513 1475 692 1516 literulis
734 1485 902 1518 tuetur:
938 1475 1038 1516 haec
1074 1474 1257 1529 conjuge
1289 1472 1538 1515 sacerdotali

315 1564 363 1594 ac
400 1550 537 1593 tribus
568 1551 740 1594 filiabus
775 1552 911 1594 floret,
981 1551 1062 1593 Sed
1100 1550 1339 1606 ejusmodi,
1371 1550 1538 1602 qualem.

315 1627 434 1680 dixi,
477 1628 745 1685 aequalitatis
785 1638 826 1670 et
861 1628 1233 1682 condiscipulatus
1269 1626 1536 1671 necessitudo

314 1703 422 1747 mihi
459 1703 700 1747 intercessit
733 1717 828 1746 cum
868 1704 1090 1747 sororibus
1121 1703 1287 1745 duabus
1323 1715 1386 1744 me
1409 1696 1538 1756 panio

318 1782 570 1836 maioribus.
613 1782 672 1824 Et
697 1784 739 1824 in
763 1781 928 1825 artibus
953 1783 1119 1838 quidem
1140 1782 1358 1837 juventuti
1383 1783 1543 1824 utrIus-

313 1867 402 1911 >que
435 1870 563 1901 sexus
604 1858 853 1900 necessariis
891 1859 1009 1900 valde
1043 1871 1124 1901 nos
1161 1868 1312 1900 mutuo
1337 1858 1542 1901 concilia-

319 1936 423 1978 bant
454 1934 648 1978 Historia
682 1944 722 1978 et
758 1935 1055 1990 Geogmphia:
1090 1948 1194 1988 quas
1222 1936 1278 1977 ita
1301 1944 1340 1976 et
1365 1933 1417 1975 ad
1445 1946 1541 1980 eum

316 2013 492 2056 modum
536 2012 905 2065 perdiscebamus,
952 2021 999 2054 ut
1040 2023 1351 2065 quamcumque
1399 2024 1542 2054 earum

318 2098 479 2144 partem
506 2090 685 2132 invicem
714 2088 1016 2142 interrogantes
1039 2097 1078 2128 et
1110 2086 1355 2140 interrogati
1383 2098 1542 2128 memo-

324 2168 426 2212 riter
447 2167 729 2209 redderemus:
753 2177 829 2209 nec
853 2164 1146 2207 tantummodo
1168 2173 1217 2206 ex
1241 2164 1402 2205 nostris
1425 2175 1545 2205 com-

318 2245 519 2302 pendiis,
551 2245 624 2286 sed
664 2243 787 2284 etiam
831 2251 944 2284 extra
987 2241 1085 2283 haec
1118 2240 1161 2281 in
1199 2240 1327 2304 rebus
1352 2237 1543 2280 novissi:-

322 2323 442 2376 11315,
478 2323 612 2365 veluti
643 2322 742 2364 beili
777 2320 1024 2374 septennis,
1065 2317 1181 2370 quod
1213 2315 1256 2359 in
1294 2316 1404 2357 iilam
1437 2323 1546 2364 aeta-

325 2412 408 2444 tem
440 2400 619 2451 incidit,
652 2409 766 2453 gesta
794 2408 834 2440 et
859 2396 1178 2440 vicissitudines
1204 2393 1372 2437 assidue
1398 2393 1440 2434 in
1465 2403 1544 2434 no.-.

321 2477 476 2528 vellis,
524 2487 629 2528 quae
673 2477 906 2527 dicuntur,
950 2471 1284 2527 ephemeridibus
1321 2469 1544 2525 politicis,

327 2554 543 2609 legentes,
575 2552 636 2595 sic
671 2551 945 2606 tenebamus,
980 2559 1028 2592 ut
1052 2562 1096 2592 ca
1118 2557 1267 2605 postea
1294 2557 1456 2599 semper
1484 2555 1550 2584 se-

1453 2631 1558 2663 cun-
