1693 3110
239 178 617 239 PRAEF.L113R.
642 187 804 232 PRIM.
834 184 993 235 Misc,
1017 186 1256 244 DOCTR,
1307 195 1397 236 απ
1427 209 1437 215 -

194 315 365 366 finitae,
397 314 479 357 hoc
514 313 708 367 proximo
733 311 770 352 ei
802 312 906 354 hanc
937 312 1266 355 Philomathiam
1290 309 1411 355 suffia

190 392 362 445 cimus,
404 403 491 434 non
528 390 622 431 solo
662 387 855 439 nomine,
899 389 972 430 sed
1004 401 1046 430 re
1085 389 1205 442 ipsa,
1247 402 1408 431 novum

196 478 325 519 opus.
401 467 546 507 Solent
579 462 743 515 quidem
788 463 966 505 editores
1002 465 1238 507 libellorum
1278 466 1426 519 hujus¹

197 542 388 596 generis,
434 540 548 593 quod
580 539 711 591 vulgo
748 538 1006 591 periodicum
1044 541 1227 592 dicitur,
1275 547 1423 592 quum·

197 619 412 661 volumina
448 617 499 659 ad
529 616 633 658 satis
672 627 865 669 magnum
899 627 1116 656 numerum
1146 617 1328 658 crevisse
1348 615 1414 658 vi·

199 695 380 747 dentur,
411 707 483 737 eos
521 694 602 736 alio
635 693 715 736 sub
753 692 921 735 nomine
952 694 1221 747 continuaret,
1255 704 1325 746 ut,
1356 695 1417 736 ti-

198 772 278 813 tuli
310 772 525 823 novitate,
565 772 768 812 lectorum
809 779 850 811 et
893 771 1122 812 satietatem
1156 769 1336 823 fallant,
1372 781 1423 813 et·

199 849 340 891 studia
362 848 577 889 retineant.
610 846 769 888 Nostra
794 847 873 889 alia
897 857 962 889 est
987 860 1160 899 caussa,
1189 848 1266 890 alia
1290 849 1415 893 ratio,

260 927 318 970 Et
351 928 633 970 Bibliothecae
662 927 826 979 quidem
867 939 1017 969 nom-en
1049 940 1164 980 non,
1195 927 1317 980 quasi
1346 930 1417 969 de-

205 1003 350 1044 tritum
375 1012 414 1043 et
441 1002 710 1054 obsoletum,
745 1001 1003 1056 abjecimus:
1038 1004 1140 1054 sed,
1174 1014 1220 1045 ut
1258 1016 1419 1056 propo-

206 1079 293 1122 sito
321 1088 472 1120 nostro
495 1078 634 1119 minus
668 1087 845 1130 aptum,
878 1090 971 1119 cum
1001 1080 1165 1130 aptiore
1187 1088 1423 1121 commuta-

203 1154 360 1197 vimus.
420 1153 557 1194 Habet
592 1155 699 1195 enim
740 1153 1000 1196 Bibliotheca
1028 1152 1114 1196 fere
1144 1154 1425 1208 significatio-

206 1243 302 1274 nem
331 1231 616 1273 multitudinis
646 1230 853 1272 librorum
878 1231 965 1272 suis
991 1231 1181 1284 partibus
1205 1233 1422 1284 expletae,

204 1317 247 1350 et
279 1307 399 1360 quasi
441 1307 745 1361 professionem
777 1305 971 1348 refertum
1021 1307 1122 1358 quid
1154 1317 1194 1348 et
1226 1308 1422 1359 locuples

207 1385 514 1440 promittentis.
575 1384 796 1427 Convenit
825 1396 867 1427 v.
895 1397 934 1426 c.
969 1384 1012 1425 in
1045 1383 1226 1425 Fabricii
1260 1384 1424 1426 Biblio-

205 1465 377 1515 thecas,
409 1461 614 1505 Graecam
648 1472 688 1503 et
731 1461 957 1512 Latinam,
999 1470 1038 1502 et
1075 1461 1176 1502 alias
1213 1460 1421 1513 aliorum,

206 1539 367 1592 quibus
401 1550 545 1581 omnes
582 1538 626 1579 in
661 1538 807 1589 aliquo
845 1549 990 1590 genere
1019 1536 1117 1578 editi
1148 1536 1245 1578 libri
1280 1547 1426 1578 recen-

210 1625 382 1658 sentur:
430 1626 529 1668 aut,
569 1614 605 1656 si
640 1614 781 1665 forte,
813 1613 857 1656 in
892 1613 1104 1666 periodica
1137 1614 1321 1666 scripta,
1350 1625 1425 1667 per

207 1704 314 1745 quae
336 1693 386 1733 de
407 1691 525 1732 libris
554 1690 829 1741 novissimis,
861 1691 950 1732 sive
987 1702 1075 1732 uno
1109 1690 1151 1731 in
1177 1703 1346 1744 genere,
1369 1689 1426 1732 si-

208 1781 259 1812 ve
287 1768 511 1822 pluribus,
553 1768 643 1810 sive
675 1768 900 1818 omnibus,
937 1766 1130 1808 refertur.
1193 1765 1294 1807 Non
1325 1778 1429 1806 con-

207 1846 402 1889 veniebat
435 1853 604 1887 nostrae
631 1843 887 1896 scriptioni:
938 1856 1020 1895 qua
1054 1853 1215 1884 tantum
1253 1841 1426 1894 abfuit,

209 1933 258 1966 ut
289 1935 436 1966 omnes
472 1934 608 1964 novos
658 1921 791 1963 libros
842 1932 1212 1972 persequeremur,
1258 1928 1302 1960 ut
1347 1930 1427 1972 pro

211 2007 326 2042 tanta
374 1997 646 2040 multitudine
681 2009 769 2038 non
806 1997 889 2038 nisi
927 2008 1084 2048 paucos
1117 2006 1267 2037 nostro
1299 2007 1430 2037 sensu.

206 2076 454 2133 judicioque
482 2075 773 2118 delibaremus.
835 2073 922 2115 Ista
953 2084 1092 2114 autem
1121 2073 1306 2114 nominis
1331 2086 1431 2125 pro·

209 2151 500 2204 fessionisque
524 2150 724 2204 opinione
740 2149 937 2191 nonnulli
959 2147 1138 2189 subinde
1159 2148 1304 2198 ducti,
1331 2149 1429 2199 plu-

213 2241 257 2270 ra
282 2229 434 2279 etiam,
467 2239 589 2279 quam
619 2238 725 2279 quae
748 2223 1054 2273 afferebamus,
1083 2224 1106 2264 a
1132 2222 1258 2264 nobis
1283 2234 1433 2275 postu-

217 2305 373 2346 labant.
433 2305 555 2357 Age,
602 2304 771 2356 inquit‚
805 2302 879 2353 qui
910 2299 1156 2351 Euripidem
1192 2298 1432 2352 Musgravii

216 2383 313 2424 fuse
345 2384 561 2435 tractasti,
607 2393 735 2424 tracta
773 2383 868 2423 item
907 2380 1162 2434 Sophoclem
1199 2380 1428 2423 Brunckii:

214 2469 257 2500 ct
290 2458 363 2510 qui
394 2456 759 2511 Schweighauseri
785 2456 1028 2508 Appianum
1064 2455 1341 2506 recensuisti,
1372 2466 1435 2495 re·

219 2545 343 2577 cense
373 2544 548 2587 quoque
584 2534 674 2588 ejus
707 2530 934 2586 Polybium
969 2541 1009 2573 et
1035 2531 1326 2575 Athenaeum:
1359 2529 1436 2580 qui

1347 2604 1442 2648 Vil-
