1693 3110
393 193 501 242 AD
569 185 1090 241 HEUSDIUM',
1313 205 1368 255 33

159 327 261 364 'cum
294 320 633 373 mathematicae,
673 329 762 360 tum
797 317 927 371 aliae,
969 321 1058 362 sive
1084 319 1256 362 bellicae
1280 319 1372 362 sive

160 397 338 449 civiles,
369 398 582 449 musicae,
624 394 936 450 gymnasticae,
977 396 1166 448 similes,
1209 408 1373 450 cogno-

163 475 340 516 scendae
376 482 477 516 sunt
509 473 560 513 ad
583 481 675 513 eum
699 477 808 512 certe
837 470 1035 522 modum,
1067 471 1143 523 qui
1169 470 1299 512 valeat
1323 468 1375 510 ad

160 547 352 591 Platonis
386 548 624 599 frequentes
651 545 694 586 in
719 544 787 586 his
823 545 1081 598 argumentis
1104 546 1224 588 locos
1248 546 1379 587 intera

162 624 402 676 pretandos.
435 622 544 664 Nam
559 621 609 662 de
627 619 901 673 philosophia
915 642 929 671 ·,
950 625 1056 672 'quae
1074 628 1138 662 est
1156 621 1376 673 proprium

161 708 204 740 et
236 707 481 750 perpetuum
512 696 678 738 Platoni
713 697 1036 749 argumentum,
1070 695 1175 749 quid
1211 706 1378 739 monea-

161 785 257 815 mus
277 772 468 814 futurum
493 770 727 814 editorem?
758 770 816 813 Et
840 771 1083 814 monuimus
1107 777 1263 826 supra,
1289 784 1379 814 eam

163 861 213 891 ex
250 849 346 901 ipso
380 848 553 892 Platone
591 846 866 900 colligendam
907 858 1013 889 esse.
1086 846 1240 901 Neque
1279 861 1381 892 vero

163 924 362 978 colligere
401 936 488 965 eam
531 922 713 976 poterit,
758 921 841 963 nisi
878 921 969 975 ipse
1006 923 1160 966 adferat
1196 924 1381 977 aliquam

165 999 465 1052 philosophiae
512 996 797 1050 cognitionem
841 998 1266 1053 exercitationemque
1298 1002 1386 1056 jam

168 1084 286 1117 antea
308 1084 561 1127 perceptam.
620 1073 678 1114 At
694 1073 817 1126 cujus
841 1072 1162 1127 philosophiae,
1181 1075 1381 1129 antiquae

164 1163 218 1193 an
253 1150 470 1192 novitiae?
513 1148 781 1201 Utriusque,
812 1149 851 1190 si
878 1148 964 1189 fieri
995 1151 1164 1203 possit:
1209 1151 1273 1194 sin
1311 1152 1388 1194 mi-

166 1238 276 1277 nus,
317 1233 427 1265 certe
461 1224 685 1276 antiquae,
732 1233 778 1265 ut
827 1224 959 1277 magis
993 1228 1244 1279 conjunctae
1285 1240 1383 1271 cum

167 1300 358 1343 Platone.
421 1299 501 1341 Sed
537 1301 639 1341 volo
674 1299 716 1340 in
752 1298 901 1352 primis
937 1299 1225 1343 dialecticam:
1261 1304 1385 1357 cujus

169 1389 317 1429 expers
342 1380 498 1431 τυφλοῦ
522 1377 658 1430 πορείᾳ
683 1374 877 1426 oberrat,
911 1385 957 1416 ut
984 1376 1079 1429 ipse
1109 1377 1214 1420 dixit
1237 1377 1385 1422 Platoz

165 1452 269 1494 volo
303 1451 402 1492 item
439 1450 618 1503 physica
653 1461 694 1491 et
734 1451 1024 1494 mathematica
1047 1475 1063 1504 ·,
1122 1454 1221 1495 volo
1262 1455 1389 1496 etiam

165 1527 327 1569 ethica:
381 1527 452 1567 sed
485 1525 584 1566 haec
627 1527 767 1568 omnia
803 1527 1036 1577 hactenus,
1079 1537 1288 1580 quatenus
1322 1530 1391 1572 vel

168 1603 382 1654 explorata
415 1601 480 1641 vel
521 1601 766 1642 verisimilia
802 1610 929 1652 sunt,
961 1610 1002 1642 et
1033 1603 1084 1642 ad
1119 1603 1229 1645 vitae
1260 1616 1387 1648 usum

169 1678 444 1720 conducunt:
478 1687 571 1716 nam
598 1687 704 1727 quae
727 1688 854 1728 supra
892 1677 1005 1717 hunc
1041 1680 1210 1720 modum
1245 1682 1296 1722 ad
1327 1682 1393 1723 ina

170 1751 404 1805 telligibilia
431 1751 753 1802 abstractaque,
789 1751 850 1791 uti
886 1762 1067 1803 vocant,
1105 1765 1239 1796 rerum
1276 1757 1394 1808 prin*

169 1827 282 1880 cipia
315 1826 563 1867 adscendere
596 1838 640 1866 se
666 1825 891 1879 profitetur
921 1828 1209 1881 metaphysica
1231 1833 1392 1874 doctrie

171 1916 250 1954 na,
285 1902 417 1954 magis
447 1901 651 1943 historice
687 1914 811 1954 quam
848 1903 1084 1956 dogmatice
1112 1909 1387 1960 assumenda,

170 1988 220 2021 ut
254 1978 388 2031 magis
425 1976 638 2020 videamus
676 1979 778 2030 quid
808 1978 879 2019 alii
905 1980 1157 2030 statuerint,
1191 1992 1314 2034 quam
1342 1993 1392 2025 ut

170 2053 257 2107 ipsi
293 2054 476 2106 aliquam
513 2053 723 2095 statuendi
760 2055 1047 2097 necessitatem
1084 2056 1388 2110 suscipiamus,

173 2129 311 2183 Igitur
342 2128 409 2181 is,
452 2140 576 2181 quem
608 2129 876 2182 quaerimus,
918 2130 1110 2174 Platonis
1155 2132 1394 2188 interpres,-

173 2204 498 2257 philosophiae‚
539 2205 672 2247 veluti
712 2205 922 2257 aedificii,
959 2216 1098 2260 partes
1134 2221 1180 2250 ac
1211 2211 1397 2254 membra

178 2278 237 2321 ita
260 2289 424 2331 teneat,
456 2289 504 2321 ut
535 2281 642 2324 sciat
676 2294 783 2334 quae
816 2283 872 2324 sit
914 2295 1056 2325 eorum
1089 2285 1334 2338 magnitudo
1353 2296 1394 2329 et

180 2355 302 2406 quasi
329 2357 544 2408 supellex,
576 2367 623 2399 ut
655 2358 844 2412 judicare
868 2359 1033 2411 possit,
1067 2348 1140 2412 qui
1174 2361 1217 2403 in
1241 2361 1292 2404 iis
1328 2363 1395 2404 vel

177 2428 468 2482 instruendiS,
499 2434 563 2474 vel
583 2434 890 2486 amplificandis
914 2448 1062 2488 operae
1085 2437 1264 2489 pretium
1281 2468 1295 2489 ,
1322 2436 1405 2489 qui.

180 2516 306 2547 secus
340 2504 545 2575 fecerint,
590 2510 691 2563 quid
716 2520 885 2562 actum,
919 2511 1022 2564 quid
1058 2513 1289 2568 agendum,
1322 2513 1396 2555 sit<⁵

234 2579 284 2629 V
279 2581 333 2623 ol.
363 2581 421 2627 ΙΙ,
891 2585 930 2630 C
1347 2585 1410 2632 Et
