1693 3110
310 135 406 191 458·
596 125 1208 179 DrsPUTATm

310 265 424 308 test,
466 256 596 310 gradu
627 257 1035 309 comprehendendae
1074 261 1191 302 sunt.
1261 257 1425 315 Atqui,
1466 263 1523 308 ue

307 345 432 384 supra
465 331 681 381 vidimus,
714 344 873 374 errasse
909 336 1066 376 multos
1100 334 1176 376 hac
1212 334 1255 377 in
1289 347 1434 391 parte,
1466 348 1516 383 ut

305 407 598 450 ,Existentiam
622 417 661 448 et
685 408 1012 451 Possibilt'tatem
1035 422 1114 463 pro
1132 411 1416 464 peculiaribus
1436 416 1516 480 bo-

304 484 372 525 :nis
418 485 493 539 (s.
531 485 845 542 realitatibus)
886 487 1135 536 habuerint,
1170 487 1228 530 ita
1265 501 1437 542 quoque
1467 492 1514 539 in

303 561 454 615 Spatio
497 575 673 607 erratum
718 576 812 618 est3
861 566 1021 618 quippe
1067 567 1204 610 Locus
1240 576 1279 608 et
1321 569 1517 624 Spatium

302 649 404 680 sunt
438 641 696 683 consectaria
730 642 1005 684 Existentiae.
1077 641 1189 683 Hinc
1227 643 1407 684 manavit
1448 655 1516 685 er·

301 729 392 761 ror.
461 719 572 761 Nam
619 732 714 762 cum
765 720 903 763 omnis
953 733 1016 764 res
1061 721 1243 764 existens
1289 733 1402 765 certo
1455 724 1515 767 sit

299 782 444 846 loco,
495 807 706 848 suumque
753 796 835 837 sibi
886 796 1070 848 spatium
1104 797 1284 841 habeat}
1335 809 1518 850 cumque

299 870 439 913 omnis
473 882 537 913 res
575 872 630 912 sit
664 871 733 914 illa
774 872 866 924 ipsa
893 862 955 914 res
976 875 1098 925 'quae
1130 882 1222 926 est,
1256 873 1380 928 eique
1415 887 1518 928 pro-

298 956 443 999 pterea
483 946 689 1013 idetztiqas
726 948 935 991 tribuatur
981 962 1003 991 a
1050 949 1402 1003 Metaphysicis;
1451 948 1515 994 fa-

295 1035 412 1066 ctum
451 1035 543 1078 est,
579 1037 624 1066 ut
659 1027 853 1082 Spatium
889 1039 981 1068 cum
1015 1027 1245 1070 Identitate
1277 1027 1515 1071 confunde-

294 1113 438 1154 retur,
470 1113 509 1144 et
540 1114 619 1156 pro
655 1104 744 1145 idea
775 1104 908 1159 ajente
939 1104 1214 1157 acciperetur.
1275 1105 1343 1146 Ne
1374 1106 1510 1148 simus

295 1182 432 1235 longi.
495 1181 627 1232 spatii
659 1193 814 1235 negans
847 1192 912 1223 est
950 1182 1065 1233 idea3
1099 1184 1291 1235 negando
1325 1194 1410 1229 eam
1443 1193 1515 1223 aeq

295 1256 536 1311 quirimus3
580 1256 738 1308 quippe
774 1255 1024 1310 intelligitur
1052 1267 1126 1309 per
1157 1256 1386 1298 absentiam
1418 1268 1513 1297 cor-

289 1331 425 1385 poris.
488 1331 532 1372 Si
551 1331 728 1384 proinde
759 1331 875 1374 Deus
907 1334 994 1373 n'on
1020 1315 1099 1372 'est
1124 1343 1349 1383 corporeae
1383 1342 1508 1373 natu-

287 1420 382 1459 rae,
426 1407 640 1458 quomodo
678 1407 713 1448 ei
751 1407 936 1459 spatium
985 1406 1259 1450 tribuamus?
1301 1418 1371 1450 aut
1403 1421 1512 1461 quo-

285 1484 414 1526 modo
457 1483 714 1535 explicemus
763 1485 998 1535 rationem,
1045 1498 1129 1539 qua
1177 1485 1309 1526 locum
1345 1494 1509 1528 certum

285 1559 481 1602 obtinet?
540 1560 737 1613 Cumque
772 1559 854 1602 hoc
893 1560 1041 1602 mentis
1080 1571 1250 1604 nostrae
1281 1562 1409 1603 aciem
1436 1562 1509 1604 fu-

283 1640 401 1691 giat:
434 1639 651 1690 quomodo
691 1651 740 1680 ex
771 1650 812 1679 re
849 1637 1022 1679 minime
1053 1648 1248 1691 percepta
1279 1649 1408 1691 atque
1431 1640 1508 1682 ob-

284 1714 529 1756 scurissima
574 1715 675 1756 alias
724 1727 786 1756 res
836 1715 1074 1768 incognitas
1129 1714 1521 1759 demonstremus?

282 1791 364 1833 Sed
398 1791 578 1834 istorum
602 1802 890 1846 argumentum
920 1805 999 1835 suo
1031 1792 1136 1834 vitio
1166 1794 1342 1837 corruit.
1404 1795 1511 1836 Ete'·

281 1868 368 1910 nim
410 1869 595 1920 spatium
635 1879 697 1910 est
732 1871 798 1910 vel
836 1870 1027 1922 aliquid,
1064 1868 1135 1911 ‘vel
1179 1870 1302 1912 nihil.
1361 1870 1406 1912 Si
1437 1883 1501 1914 est

281 1941 471 1997 aliqu5d3
504 1946 620 1987 Deus
648 1958 733 1988 non
767 1958 890 1987 omne
912 1946 1097 1999 spatium
1133 1948 1299 1999 impletg,
1335 1948 1497 2000 quippe

282 2033 419 2064 rerum
458 2035 749 2074 corporearum
791 2035 913 2064 suum
951 2023 1162 2075 quaelibet
1209 2023 1388 2074 spatium
1426 2035 1501 2064 oc-

279 2108 437 2152 cupat,
472 2100 587 2152 quod
622 2110 793 2152 propter
828 2112 994 2151 earum,
1029 2110 1075 2140 ut
1103 2109 1288 2150 vocant,
1319 2100 1499 2155 impene-

281 2177 567 2218 nubilitatem
599 2178 651 2220 ab
678 2178 757 2220 alia
781 2178 896 2218 nulla
923 2190 1016 2228 res,
1049 2188 1184 2227 neque
1210 2175 1260 2215 ab
1284 2175 1380 2227 ipso
1408 2177 1497 2218 Deo

276 2253 442 2305 impleri
475 2261 634 2304 potest.
695 2252 739 2293 Si
761 2264 860 2294 vtro
889 2261 952 2293 est
986 2252 1121 2304 nihi13
1158 2263 1243 2292 non
1280 2259 1422 2302 potest
1445 2249 1497 2292 ad

280 2330 366 2374 Dei
390 2330 587 2371 attributa
619 2328 776 2373 referri,
835 2330 1070 2371 Alexander
1106 2329 1272 2379 quidem
1300 2339 1396 2370 cum
1422 2339 1499 2368 au-

281 2411 459 2453 divisset
499 2411 606 2450 ultra
642 2414 856 2451 licerinum
895 2409 1094 2459 habitari⁹
1128 2407 1423 2461 indignabatur
1451 2418 1499 2448 se

279 2487 330 2530 ad
352 2497 416 2528 eas
439 2484 629 2540 regiones
655 2483 870 2539 pervenire
893 2494 980 2530 non
1002 2495 1144 2539 posse.
1206 2482 1323 2539 Quid
1352 2492 1447 2524 verr·
1464 2477 1489 2521 ἓ

1453 2568 1492 2599 s1
