1693 3110
437 155 774 206 PHAEDONIS
816 154 1164 202 PLATONICr.
1338 171 1359 205 1
1369 174 1422 208 Π,

204 284 304 329 trix.
363 281 500 337 Igitur
533 294 580 324 se
615 291 701 322 non
745 278 960 320 consumit
998 279 1235 332 pariundo,
1268 282 1340 323 sed
1362 282 1429 326 in.

206 370 368 417 staurat
386 372 434 403 ex
456 368 590 400 morte
611 357 739 399 vitam
757 385 773 407 ‚
793 356 994 408 producit
1013 369 1061 399 ex
1082 357 1261 399 mortuis
1280 357 1424 405 vivos.

209 436 279 481 Ex
303 437 368 478 his
391 432 646 490 argumentis
676 430 880 483 efficitur„
901 443 999 484 post
1024 434 1128 476 hanc
1151 435 1279 476 vitam
1300 437 1426 480 aliam

207 512 302 556 fore
323 513 483 565 vitam,
513 512 599 564 qua
637 509 763 553 bonis
789 508 970 562 meliuS,
1000 511 1120 556 malis
1156 513 1278 565 pejus
1307 511 1429 556 futu.

205 602 298 634 rum
326 587 431 632 sit.”

267 665 374 718 Arg.
395 663 472 707 lv,
506 663 604 716 (ed.
636 671 773 705 nostr.
805 662 845 715 §.
869 663 941 714 κδ,
972 675 1017 715 p.
1039 673 1092 716 2⁸7
1119 687 1179 696 ——·
1207 675 1283 718 34:
1308 665 1431 723 Lug.

207 742 313 785 dun.
344 754 388 794 p.
416 742 523 795 3522,
555 740 592 782 C
616 763 670 772 -
695 740 775 793 384
794 771 809 791 ,
838 739 921 794 B.)
957 770 984 791 „
1008 740 1197 794 Deinde,
1226 743 1429 790 Animam

208 814 349 859 fuisse
373 825 617 868 anteaquam
645 814 685 856 in
721 814 896 867 Corpus
929 816 1117 867 veniret,
1149 816 1281 870 magis
1302 818 1429 863 etiam

207 894 459 947 apparebit,
491 892 529 934 si
552 893 602 933 ad
627 890 827 944 originem
857 890 1082 932 notionum
1107 900 1344 934 nostrarum
1368 904 1434 936 at-

209 970 478 1012 tenderimus.
551 967 661 1010 Nam
696 968 814 1020 quod
843 967 1005 1010 discere
1038 981 1273 1023 vocamus,
1316 971 1431 1018 nihil

199 1047 324 1088 aliud
347 1056 410 1088 est
439 1059 562 1099 quam
596 1045 851 1099 recordari;
893 1046 1082 1099 quippe,
1126 1046 1200 1098 qui
1226 1048 1338 1090 recta
1365 1060 1432 1089 ra-

210 1121 327 1165 tione
348 1124 397 1164 de
418 1123 542 1164 rebus
569 1121 798 1174 incognitis
822 1122 1158 1175 interrogantur,
1178 1122 1234 1163 ita
1250 1133 1429 1175 respon-

210 1201 338 1253 dent,
365 1210 411 1241 ut
432 1200 705 1253 perspicuum
733 1199 787 1240 sit
809 1210 882 1240 eos
906 1211 1040 1240 rerum
1064 1210 1201 1240 earum
1224 1199 1426 1242 notiones

204 1278 288 1333 J‘am
319 1286 435 1319 antea
467 1277 607 1318 animo
632 1275 846 1317 involutas
870 1277 1073 1319 tenuisse.
1135 1275 1268 1332 Quod
1297 1274 1425 1318 facile

202 1353 387 1408 patebit,
426 1353 463 1394 si
499 1351 942 1403 animadverterimus,
989 1352 1092 1405 quid
1125 1352 1200 1394 fiat
1232 1353 1429 1396 recorda-

202 1433 320 1475 tione
341 1443 383 1475 et
402 1432 563 1487 judicio
589 1443 743 1473 rerum.
806 1430 956 1483 Itaque
993 1430 1192 1472 nimirum
1228 1429 1425 1482 quotidie

200 1510 465 1563 experimur,
495 1521 575 1550 nos
609 1508 652 1549 in
686 1507 846 1559 unius,
886 1519 935 1547 ex
970 1506 1170 1557 alterius,
1212 1505 1271 1547 rei
1303 1505 1425 1559 cogi-

202 1585 403 1628 tationem
440 1583 606 1626 deferri.
677 1582 825 1623 Veluti
863 1583 901 1623 si
935 1581 1032 1634 quis
1058 1582 1170 1623 videt
1193 1580 1423 1635 Cebetem,

204 1660 242 1702 is
266 1671 437 1713 quoque
461 1659 504 1700 in
526 1658 723 1700 Simmiae
757 1656 1060 1709 cogitationen
1100 1655 1283 1698 incidat:
1316 1665 1357 1698 et
1382 1657 1421 1699 si

205 1749 327 1790 quem
343 1736 534 1777 videmus
562 1734 771 1776 hominem
797 1732 975 1774 similem
1004 1732 1292 1784 Cebeti,eum
1305 1734 1426 1788 cogi-

185 1813 327 1860 *tando
353 1821 645 1862 comparamus
665 1821 761 1850 cum
787 1808 970 1861 Cehere,
998 1818 1037 1850 et
1055 1809 1298 1863 judicamus
1317 1811 1424 1853 taci-

200 1898 271 1940 te,
303 1900 428 1940 quam
455 1899 586 1939 prope
608 1887 675 1928 vel
698 1886 865 1927 accedat
886 1887 940 1928 ad
959 1886 1048 1940 ejus
1072 1886 1419 1943 similitudinem,

198 1968 268 2009 vel
292 1966 344 2008 ab
369 1967 416 2007 ea
438 1964 619 2007 deficiat.
681 1963 833 2015 Neque
854 1963 935 2005 hoe
958 1963 1002 2004 in
1027 1964 1079 2005 iis
1101 1973 1265 2006 tantum
1289 1965 1338 2008 fit
1358 1980 1421 2008 re-

176 2041 279 2093 .bu.s
296 2074 311 2095 .,
337 2055 439 2095 quas
464 2041 672 2093 Corporis
697 2052 824 2082 sensu
849 2039 1132 2092 percipimus:
1160 2043 1233 2083 sed
1257 2041 1299 2084 in
1318 2042 1412 2086 aliis

194 2120 346 2170 etiam,
373 2129 477 2170 quae
503 2126 604 2157 sunt
625 2114 910 2169 intelligibiles
934 2115 1012 2168 (id
1033 2124 1123 2167 est,
1151 2118 1420 2173 abstractae)

197 2204 238 2235 et
263 2193 288 2235 ὰ
314 2193 518 2244 corpore-a
541 2193 691 2233 natura
714 2201 911 2233 remotae.
955 2189 1065 2232 Nam
1080 2221 1095 2242 ‚
1121 2201 1168 2233 ut
1190 2191 1272 2233 hoc
1294 2203 1417 2245 utar,

197 2269 236 2311 si
263 2281 344 2310 rem
377 2268 564 2321 pulcram
591 2269 813 2320 videmus,
846 2267 957 2309 unde
992 2268 1128 2309 oritur
1161 2269 1232 2311 illa
1257 2271 1421 2324 cogita-

196 2345 288 2394 tio,
321 2357 407 2386 rem
434 2357 514 2385 csse
536 2345 731 2399 pulcram
748 2348 771 2387 ,9
813 2344 916 2386 Non
941 2344 1108 2387 aliunde
1130 2347 1327 2399 profecto
1355 2348 1420 2390 ni-

188 2422 232 2468 ssi
264 2420 389 2472 hinc,
422 2423 539 2472 quod
561 2423 668 2464 illam
698 2435 779 2464 rem
809 2422 935 2465 tacite
961 2435 1056 2464 cum
1083 2423 1180 2477 ipsa
1209 2425 1421 2478 pulcritu-

191 2499 308 2554 dinis
331 2500 425 2544 idea⁴
448 2511 741 2555 comparamus
757 2532 772 2554 ,
805 2510 844 2544 et
868 2501 1110 2558 judicamus
1134 2514 1261 2558 quam
1284 2515 1421 2559 prope

1377 2579 1431 2623 il·
