1693 3110
255 170 314 224 76
602 165 718 209 DE
804 162 1137 208 osstTU

256 301 393 332 rarum
418 289 516 330 orbe
539 288 641 329 urbs
666 286 916 329 Parisiorum
932 317 946 337 ‚
964 298 1085 340 quam
1111 294 1342 339 spectatum
1370 287 1470 343 piu:

255 367 352 408 rimi
378 365 568 417 undique
595 364 808 405 confluant
833 364 1027 415 hospites
1060 372 1100 404 et
1124 364 1358 418 peregrini,
1391 366 1473 407 ho-

255 453 344 483 rum
369 451 493 481 nemo
516 449 630 490 erat,
664 438 734 491 qui
759 437 924 489 quidem
951 449 1037 479 non
1070 449 1245 489 prorsus
1282 448 1389 479 esset
1420 438 1474 479 ab

257 518 372 559 omni
408 515 622 557 doctrinae
652 516 772 556 cultu
806 514 997 565 alienus,
1045 514 1148 565 quin
1184 513 1473 557 Viuoisonum

252 592 407 634 adiret:
439 603 561 633 nemo
583 602 677 632 euni
698 590 864 642 adibat,
893 590 963 631 cui
989 601 1076 631 non
1109 588 1269 641 aliquid
1302 589 1472 632 consilii

257 679 297 710 et
323 680 469 721 operae
494 670 543 709 ad
568 680 701 709 rerum
740 666 1045 718 hominumque
1076 667 1364 720 cognitionem
1392 667 1469 709 im-

257 745 444 799 pertiret.
493 744 624 787 Nulla
646 745 731 786 fere
755 756 820 787 ars
844 754 954 797 erat,
981 745 1084 797 quin
1109 753 1148 786 et
1169 756 1253 786 eam
1278 744 1473 788 factitan-

254 831 317 862 tes
351 830 420 861 aut
445 821 641 862 docentes
660 850 675 871 ‚
706 830 746 860 et
779 831 865 860 eam
890 819 973 862 sibi
1001 821 1144 862 suisve
1180 821 1469 873 requirentes,

254 895 487 937 Villoisoni
523 895 925 938 commendationem
958 906 1226 950 expeterent;
1261 898 1371 940 unde
1399 897 1473 939 fie-

253 972 352 1024 bat,
384 982 456 1023 ut,
488 971 674 1014 Socratis
712 971 870 1025 instar,
902 972 1140 1014 communis
1172 984 1284 1015 esset
1321 976 1475 1016 docen-

252 1047 359 1088 tium
391 1046 731 1097 discendumque
766 1047 1043 1099 conciliator,
1075 1058 1116 1089 et
1154 1050 1364 1101 gratuitus
1402 1049 1468 1091 in-

253 1121 490 1163 stitutionis
523 1122 773 1162 moderator.
835 1120 1053 1172 Omnino,
1098 1122 1171 1173 qui
1211 1122 1342 1176 magis
1383 1122 1474 1164 offi-

251 1200 428 1250 ciosuS,
460 1199 593 1251 magis
616 1199 664 1239 ad
689 1198 1018 1251 promittendum
1043 1197 1277 1251 benignus,
1303 1198 1345 1239 in
1373 1211 1471 1251 pro-

254 1276 397 1318 missis
435 1275 639 1317 faciendis
667 1275 844 1328 diligens
881 1283 920 1316 et
954 1274 1188 1316 industrius
1224 1273 1381 1325 fuerit,
1413 1273 1476 1316 fa·-

249 1359 342 1392 teor
375 1363 439 1391 me
471 1351 726 1404 cognovisse
760 1351 979 1393 neminem.
1047 1350 1110 1391 Ita
1152 1360 1252 1393 tunc
1287 1350 1474 1393 vivebat.

251 1427 417 1479 Insigni
459 1426 692 1469 Literarum
731 1428 935 1479 scientia,
981 1427 1263 1480 Graecarum,
1307 1426 1473 1470 Latina.

249 1515 374 1553 trum,
404 1503 708 1554 Orientalium,
740 1504 819 1560 jam
845 1516 948 1556 puer
972 1504 1232 1547 celebratus:
1265 1505 1471 1558 vigesimo

252 1579 400 1621 aetatis
433 1592 542 1621 anno
577 1581 736 1633 collega
762 1580 1012 1623 Academiae
1041 1582 1373 1634 inscriptionum
1397 1581 1474 1623 Pa-

253 1656 405 1697 lisinae
430 1655 597 1698 additus
613 1687 627 1709 ,
653 1669 750 1700 mox
773 1658 876 1699 duas
897 1658 1095 1711 praelegit
1120 1656 1477 1710 Disputationes,

250 1734 422 1774 alteram
448 1738 498 1773 αέ
528 1732 662 1774 Ludis
689 1734 889 1785 Nmncis,
912 1733 1083 1774 alteram
1116 1732 1167 1772 de
1193 1736 1313 1776 Aera
1338 1732 1476 1774 Grae·

252 1822 396 1852 corum
432 1810 622 1865 wlgari.
694 1808 808 1850 Tum
843 1807 1065 1863 Apollonii
1099 1806 1291 1849 Lexicon
1318 1807 1476 1849 Home·

251 1887 388 1930 ricum
424 1886 581 1938 edidit,
622 1899 660 1929 a.
699 1897 826 1939 1773:
873 1885 1056 1937 indeque
1084 1896 1128 1925 se
1161 1884 1213 1925 ad
1250 1883 1468 1926 Eudociae

250 1963 468 2005 Vioietum
515 1963 746 2005 ornandum
794 1960 922 2003 dedit.
994 1959 1123 2013 Quod
1162 1959 1260 2000 dum
1302 1966 1473 2011 ageret,

248 2038 492 2091 frequentes
525 2039 570 2080 in
593 2051 641 2080 eo
666 2037 775 2079 libro
801 2037 886 2079 loci
908 2048 957 2078 ex
983 2035 1170 2077 Cornuti
1204 2035 1255 2077 de
1286 2034 1387 2076 Diis
1420 2034 1471 2075 li.

253 2115 394 2167 bello,
426 2116 476 2156 ad
510 2115 635 2169 hujus
674 2113 897 2156 editionem
939 2111 1248 2164 suscipiendam
1279 2122 1372 2152 eum
1397 2110 1476 2152 im·

247 2194 469 2245 pulerunt.
528 2191 569 2232 A
600 2203 687 2243 quo
713 2202 804 2232 eum
840 2190 1093 2243 proposito,
1125 2187 1370 2229 Ruhnkenii
1401 2186 1471 2228 ad-

253 2267 437 2310 monitio
465 2266 629 2310 avcrtit.
671 2265 830 2320 Magna
850 2266 1048 2316 deinceps
1073 2271 1216 2304 secuta
1241 2271 1306 2304 est
1330 2271 1371 2303 et
1392 2262 1476 2315 pri-

251 2345 377 2387 vatim
415 2356 454 2385 et
493 2344 662 2397 publice
691 2342 962 2387 vicissitudo.
1030 2339 1169 2382 Editis
1219 2338 1363 2392 Longi
1398 2339 1475 2380 Pa-

255 2419 488 2462 storalibus
532 2419 703 2461 Parisiis
752 2431 862 2462 anno
910 2421 1044 2471 1778,
1089 2416 1302 2464 Venetiam
1333 2414 1481 2469 profe·

254 2504 348 2541 etus
364 2523 379 2547 ,
403 2502 585 2547 quatuor
606 2493 666 2542 ibi
689 2507 822 2542 annos
844 2493 1088 2542 consumsit
1118 2491 1339 2539 codicibus
1370 2490 1471 2534 scri·

1381 2567 1472 2621 ptis
