1693 3110
1474 143 1483 161 Ι

496 155 604 200 AD
671 155 1196 203 HEUSDIUM.
1421 160 1453 212 ς

236 287 537 333 praeceptum,
568 278 694 321 ethis
715 278 820 330 ipsis
856 278 1030 331 diebus,
1060 289 1107 322 ut
1140 280 1284 332 nosti,
1315 293 1338 322 a
1369 293 1448 323 no-

238 357 307 400 bis
351 360 394 400 in
445 358 590 400 schola
642 357 691 397 de
743 354 984 396 Officiorum
1032 356 1149 398 libris
1202 367 1444 400 tractatum.

240 433 505 488 Quamquam
529 433 636 474 enim
663 431 842 471 subinde
862 430 935 482 fit,
969 440 1016 472 ut
1047 433 1330 474 adolescentes
1355 432 1454 474 vani

240 520 284 554 et
331 509 495 552 ventosi
533 506 734 548 modestis
779 506 1005 557 doctisque
1051 507 1384 551 adolescentibus
1415 516 1458 549 et

246 587 407 628 laudem
444 593 483 625 et
520 578 655 624 laudis
687 581 865 634 praemia
888 581 1164 634 praeripiant:
1196 592 1260 622 est
1279 582 1349 624 illa
1369 594 1458 624 non

240 663 364 712 lauS,
396 661 466 702 sed
491 659 638 712 opinio
663 667 704 700 et
729 670 843 699 error
876 657 1015 709 exigui
1047 657 1278 709 temporis:
1312 669 1458 711 magna

239 750 306 780 est
323 737 389 779 vis
423 736 641 786 veritatis,
673 746 778 787 quae
816 733 889 774 diu
918 734 1044 775 latere
1075 733 1249 784 nequit:
1286 737 1462 775 maxima

241 822 307 855 est
331 812 501 853 virtutis
538 810 787 860 efficacitaS,
820 821 926 861 quae
959 809 1027 849 sui
1056 809 1240 850 cultores
1276 809 1463 850 certissi-

241 900 312 930 mo
351 886 567 931 doctrinae
613 885 981 937 conscientiaeque
1026 883 1170 925 fructu
1208 885 1318 927 beat.
1381 885 1465 925 Sed

241 967 499 1009 ostendenda
547 975 610 1007 est
647 965 815 1015 virtus,
861 974 901 1004 et
936 964 988 1004 ad
1021 963 1231 1016 publicam
1265 963 1463 1006 notitiam

238 1044 526 1098 producenda.
587 1042 754 1083 Etenim
794 1039 829 1082 si
866 1039 1037 1093 cognita
1072 1039 1212 1081 virtus
1250 1052 1461 1081 nonnum-

244 1133 367 1173 quam
394 1120 649 1173 negligitur,
683 1118 785 1170 quid
808 1116 1020 1170 ignoratae
1046 1117 1195 1159 virtuti
1219 1115 1322 1157 fiet?
1372 1116 1459 1169 Et,

238 1208 287 1238 ut
307 1196 375 1237 isti
403 1195 569 1236 ventosi
595 1205 681 1234 non
706 1192 789 1234 nisi
821 1195 864 1236 τὸ
901 1194 1024 1237 δοκεῖν
1056 1201 1381 1243 consectantur,
1416 1191 1461 1232 hi

238 1273 420 1316 modesti
447 1272 569 1314 unice
606 1275 660 1326 τῷ
692 1271 788 1315 εἶναι
820 1272 1010 1314 contenti
1036 1283 1163 1314 sunt:
1196 1272 1279 1323 ita,
1312 1284 1463 1324 quam·

239 1351 304 1393 vis
342 1351 559 1392 modestus
596 1348 771 1391 virtutis
795 1349 965 1401 cultor,
995 1349 1169 1391 virtutis
1198 1349 1361 1391 muneri
1391 1349 1454 1392 sic

240 1424 498 1477 satisfaciet,
531 1434 578 1466 ut
610 1427 652 1469 τὸ
681 1428 808 1470 δοκεῖν
845 1438 898 1468 ne
930 1439 1108 1480 prorsus
1143 1427 1356 1480 negligat,
1387 1427 1460 1470 sed

238 1505 294 1556 τῷ
331 1502 428 1547 εἶναι
465 1503 614 1555 addat,
647 1512 686 1543 et
723 1503 859 1556 qualis
897 1514 989 1555 est,
1031 1504 1127 1546 talis
1161 1504 1304 1547 haberi
1343 1506 1460 1551 velit.

238 1583 305 1624 Ita
330 1587 370 1620 et
393 1579 611 1631 superiore
632 1592 741 1620 anno
764 1588 873 1620 recte
906 1578 1008 1621 fecit
1028 1579 1260 1633 Lyndenus
1287 1591 1463 1635 noster,

239 1654 497 1696 documento
516 1666 816 1706 progressuum
843 1666 1042 1707 suorum,
1074 1656 1378 1709 Disputatione
1408 1659 1462 1700 de

234 1728 432 1771 Panaetio
465 1728 620 1770 edenda
659 1741 705 1769 ac
739 1727 1019 1771 defendenda:
1055 1729 1130 1780 qui
1164 1742 1296 1781 quum
1324 1740 1364 1772 et
1391 1745 1463 1784 ge-

237 1804 350 1847 neris
385 1804 610 1846 nobilitate
644 1814 684 1845 et
715 1804 870 1856 opibus
898 1804 1039 1846 omnia
1063 1817 1229 1847 summa
1247 1808 1460 1859 consequi

233 1892 368 1934 posse
401 1880 642 1932 videretur,
687 1889 824 1923 tamen
863 1890 1030 1923 externa
1069 1881 1150 1922 ista
1197 1883 1306 1924 bona
1355 1885 1460 1928 adeo

235 1957 344 1999 levia
371 1957 515 2008 ducit,
550 1968 596 1998 ut
631 1956 675 1999 in
714 1957 781 1998 his
823 1957 959 2009 nihil,
991 1970 1113 2000 omne
1144 1958 1272 2001 decus
1300 1960 1342 2001 in
1371 1961 1459 2002 ani-

239 2032 299 2075 mi
322 2031 447 2073 bonis
476 2042 623 2084 ponat.
671 2033 728 2075 Et
753 2046 866 2075 nunc
889 2033 961 2075 Tu
986 2045 1094 2077 recte
1111 2035 1218 2077 facis
1242 2036 1460 2091 prodendo

238 2115 314 2148 tuo
343 2105 609 2159 Specimine,
652 2108 708 2148 mi
743 2106 945 2150 Heusde:
993 2111 1098 2163 qui,
1131 2122 1207 2151 nec
1240 2110 1331 2162 ipse
1366 2110 1463 2152 illo-

241 2193 334 2223 rum
371 2183 499 2235 inops
536 2184 853 2236 subsidiorum,
885 2185 936 2226 iis
971 2186 1261 2237 posthabitis,
1292 2199 1460 2229 omnem

241 2259 353 2303 vitae
389 2260 636 2302 suavitatem
674 2262 926 2315 laudemque
964 2275 1013 2305 ex
1043 2263 1235 2305 Platonis
1273 2265 1459 2317 optimo-

241 2343 422 2384 rumque
467 2346 653 2379 veterum
697 2338 880 2381 lectione
917 2339 1044 2391 petis.
1115 2341 1173 2384 Et
1220 2341 1456 2386 communis

244 2417 389 2453 noster
420 2412 607 2464 amicus,
651 2424 790 2456 vester
825 2416 1175 2469 condiscipulus,
1218 2418 1456 2471 Sluitems,

247 2485 345 2533 dum
368 2486 458 2543 ipse
495 2488 645 2533 similis
674 2491 898 2534 editionem
935 2493 1177 2546 documenti
1207 2495 1455 2547 meditatur,

865 2567 907 2610 A
936 2582 962 2625 3
1384 2581 1456 2616 an*
