<?xml version="1.0" encoding="UTF-8"?>
<!DOCTYPE html PUBLIC "-//W3C//DTD XHTML 1.0 Transitional//EN"
    "http://www.w3.org/TR/xhtml1/DTD/xhtml1-transitional.dtd">
<html xmlns="http://www.w3.org/1999/xhtml" xml:lang="en" lang="en">
 <head>
  <title>
</title>
<meta http-equiv="Content-Type" content="text/html;charset=utf-8" />
  <meta name='ocr-system' content='tesseract 3.04.00' />
  <meta name='ocr-capabilities' content='ocr_page ocr_carea ocr_par ocr_line ocrx_word'/>
</head>
<body>
  <div class='ocr_page' id='page_1' title='image "./opusculavariiarg02wytt/opusculavariiarg02wytt_0248.png"; bbox 0 0 1693 3110; ppageno 0'>
   <div class='ocr_carea' id='block_1_1' title="bbox 271 177 1099 239">
    <p class='ocr_par' dir='ltr' id='par_1_1' title="bbox 271 177 1099 239">
     <span class='ocr_line' id='line_1_1' title="bbox 271 177 1099 239; baseline -0.005 -13"><span class='ocrx_word' id='word_1_1' title='bbox 271 193 355 239; x_wconf 67' lang='lat'>³52</span> <span class='ocrx_word' id='word_1_2' title='bbox 643 177 1099 224; x_wconf 87' lang='lat' dir='ltr'>MEMORIA</span> 
     </span>
    </p>
   </div>
   <div class='ocr_carea' id='block_1_2' title="bbox 267 301 1497 1194">
    <p class='ocr_par' dir='ltr' id='par_1_2' title="bbox 267 301 1497 1194">
     <span class='ocr_line' id='line_1_2' title="bbox 275 301 1486 348; baseline 0.001 -3"><span class='ocrx_word' id='word_1_3' title='bbox 275 301 413 345; x_wconf 80' lang='lat' dir='ltr'>fuisse</span> <span class='ocrx_word' id='word_1_4' title='bbox 446 304 660 346; x_wconf 85' lang='lat' dir='ltr'>novimus.</span> <span class='ocrx_word' id='word_1_5' title='bbox 721 303 919 346; x_wconf 83' lang='lat' dir='ltr'>Proximo</span> <span class='ocrx_word' id='word_1_6' title='bbox 945 314 1056 344; x_wconf 89' lang='lat' dir='ltr'>anno</span> <span class='ocrx_word' id='word_1_7' title='bbox 1077 301 1129 344; x_wconf 91' lang='lat' dir='ltr'>ad</span> <span class='ocrx_word' id='word_1_8' title='bbox 1152 312 1256 344; x_wconf 89' lang='lat' dir='ltr'>suos</span> <span class='ocrx_word' id='word_1_9' title='bbox 1279 301 1486 348; x_wconf 81' lang='lat' dir='ltr'>Mormoi-</span> 
     </span>
     <span class='ocr_line' id='line_1_3' title="bbox 276 378 1485 433; baseline 0.003 -14"><span class='ocrx_word' id='word_1_10' title='bbox 276 391 419 420; x_wconf 77' lang='lat' dir='ltr'>renem</span> <span class='ocrx_word' id='word_1_11' title='bbox 442 379 579 422; x_wconf 87' lang='lat' dir='ltr'>rediit.</span> <span class='ocrx_word' id='word_1_12' title='bbox 612 379 760 422; x_wconf 89' lang='lat' dir='ltr'>Altero</span> <span class='ocrx_word' id='word_1_13' title='bbox 781 378 1015 421; x_wconf 84' lang='lat' dir='ltr'>Helvetiam</span> <span class='ocrx_word' id='word_1_14' title='bbox 1039 391 1086 420; x_wconf 83' lang='lat' dir='ltr'>ac</span> <span class='ocrx_word' id='word_1_15' title='bbox 1109 378 1269 420; x_wconf 85' lang='lat' dir='ltr'>vicinas</span> <span class='ocrx_word' id='word_1_16' title='bbox 1294 382 1485 433; x_wconf 82' lang='lat' dir='ltr'>regiones</span> 
     </span>
     <span class='ocr_line' id='line_1_4' title="bbox 269 453 1488 508; baseline 0.003 -12"><span class='ocrx_word' id='word_1_17' title='bbox 269 453 495 500; x_wconf 66' lang='lat' dir='ltr'>lustravit:</span> <span class='ocrx_word' id='word_1_18' title='bbox 529 464 570 496; x_wconf 92' lang='lat' dir='ltr'>et</span> <span class='ocrx_word' id='word_1_19' title='bbox 605 454 761 498; x_wconf 85' lang='lat' dir='ltr'>Bernae</span> <span class='ocrx_word' id='word_1_20' title='bbox 792 456 880 497; x_wconf 84' lang='lat' dir='ltr'>dies</span> <span class='ocrx_word' id='word_1_21' title='bbox 906 456 1069 508; x_wconf 76' lang='lat' dir='ltr'>aliquot</span> <span class='ocrx_word' id='word_1_22' title='bbox 1094 456 1204 508; x_wconf 91' lang='lat' dir='ltr'>apud</span> <span class='ocrx_word' id='word_1_23' title='bbox 1228 455 1385 498; x_wconf 77' lang='lat' dir='ltr'>Ithium</span> <span class='ocrx_word' id='word_1_24' title='bbox 1409 471 1488 500; x_wconf 92' lang='lat' dir='ltr'>no-</span> 
     </span>
     <span class='ocr_line' id='line_1_5' title="bbox 272 531 1489 584; baseline 0 -11"><span class='ocrx_word' id='word_1_25' title='bbox 272 538 409 573; x_wconf 81' lang='lat' dir='ltr'>strum</span> <span class='ocrx_word' id='word_1_26' title='bbox 426 531 536 583; x_wconf 84' lang='lat' dir='ltr'>fuit,</span> <span class='ocrx_word' id='word_1_27' title='bbox 554 544 688 584; x_wconf 87' lang='lat' dir='ltr'><strong>nuper</strong></span> <span class='ocrx_word' id='word_1_28' title='bbox 706 532 876 575; x_wconf 88' lang='lat' dir='ltr'>Parisiis</span> <span class='ocrx_word' id='word_1_29' title='bbox 902 532 1027 574; x_wconf 89' lang='lat' dir='ltr'>nobis</span> <span class='ocrx_word' id='word_1_30' title='bbox 1054 532 1248 576; x_wconf 88' lang='lat' dir='ltr'>comitem</span> <span class='ocrx_word' id='word_1_31' title='bbox 1273 540 1314 574; x_wconf 90' lang='lat' dir='ltr'>et</span> <span class='ocrx_word' id='word_1_32' title='bbox 1338 542 1489 574; x_wconf 84' lang='lat' dir='ltr'>contu-</span> 
     </span>
     <span class='ocr_line' id='line_1_6' title="bbox 271 608 1490 661; baseline 0 -12"><span class='ocrx_word' id='word_1_33' title='bbox 271 608 478 650; x_wconf 86' lang='lat' dir='ltr'>bernalem</span> <span class='ocrx_word' id='word_1_34' title='bbox 494 638 508 659; x_wconf 86' lang='lat'>‚</span> <span class='ocrx_word' id='word_1_35' title='bbox 540 618 628 650; x_wconf 82' lang='lat' dir='ltr'>tum</span> <span class='ocrx_word' id='word_1_36' title='bbox 652 609 937 651; x_wconf 84' lang='lat' dir='ltr'>Bibliothecae</span> <span class='ocrx_word' id='word_1_37' title='bbox 958 608 1179 651; x_wconf 87' lang='lat' dir='ltr'>Bernensis</span> <span class='ocrx_word' id='word_1_38' title='bbox 1205 609 1490 661; x_wconf 87' lang='lat' dir='ltr'>praefectum,</span> 
     </span>
     <span class='ocr_line' id='line_1_7' title="bbox 273 682 1492 738; baseline 0.002 -14"><span class='ocrx_word' id='word_1_39' title='bbox 273 693 389 725; x_wconf 84' lang='lat' dir='ltr'>nunc</span> <span class='ocrx_word' id='word_1_40' title='bbox 426 682 651 725; x_wconf 86' lang='lat' dir='ltr'>Sacrorum</span> <span class='ocrx_word' id='word_1_41' title='bbox 686 683 932 727; x_wconf 88' lang='lat' dir='ltr'>Antistitem</span> <span class='ocrx_word' id='word_1_42' title='bbox 966 684 1124 738; x_wconf 85' lang='lat' dir='ltr'>insigni</span> <span class='ocrx_word' id='word_1_43' title='bbox 1156 684 1324 737; x_wconf 82' lang='lat' dir='ltr'>pietatis</span> <span class='ocrx_word' id='word_1_44' title='bbox 1346 696 1392 726; x_wconf 87' lang='lat' dir='ltr'>ac</span> <span class='ocrx_word' id='word_1_45' title='bbox 1418 684 1492 726; x_wconf 85' lang='lat' dir='ltr'>do·</span> 
     </span>
     <span class='ocr_line' id='line_1_8' title="bbox 274 756 1495 810; baseline 0.002 -12"><span class='ocrx_word' id='word_1_46' title='bbox 274 756 436 799; x_wconf 80' lang='lat' dir='ltr'>ctrinae</span> <span class='ocrx_word' id='word_1_47' title='bbox 455 757 575 798; x_wconf 90' lang='lat' dir='ltr'>laude</span> <span class='ocrx_word' id='word_1_48' title='bbox 597 757 830 801; x_wconf 88' lang='lat' dir='ltr'>florentem.</span> <span class='ocrx_word' id='word_1_49' title='bbox 873 757 1028 800; x_wconf 80' lang='lat' dir='ltr'>Laetae</span> <span class='ocrx_word' id='word_1_50' title='bbox 1051 760 1123 800; x_wconf 90' lang='lat' dir='ltr'>diu</span> <span class='ocrx_word' id='word_1_51' title='bbox 1142 771 1207 800; x_wconf 84' lang='lat' dir='ltr'>res</span> <span class='ocrx_word' id='word_1_52' title='bbox 1230 757 1402 802; x_wconf 74' lang='lat' dir='ltr'>fuerunt</span> <span class='ocrx_word' id='word_1_53' title='bbox 1416 790 1431 810; x_wconf 86' lang='lat'><em>‚</em></span> <span class='ocrx_word' id='word_1_54' title='bbox 1453 768 1495 801; x_wconf 83' lang='lat' dir='ltr'>et</span> 
     </span>
     <span class='ocr_line' id='line_1_9' title="bbox 270 831 1493 889; baseline 0.001 -15"><span class='ocrx_word' id='word_1_55' title='bbox 270 843 437 885; x_wconf 78' lang='lat' dir='ltr'>semper</span> <span class='ocrx_word' id='word_1_56' title='bbox 460 831 553 873; x_wconf 87' lang='lat' dir='ltr'>fore</span> <span class='ocrx_word' id='word_1_57' title='bbox 576 833 842 878; x_wconf 81' lang='lat' dir='ltr'>videbantur.</span> <span class='ocrx_word' id='word_1_58' title='bbox 902 834 1029 889; x_wconf 89' lang='lat' dir='ltr'>Quod</span> <span class='ocrx_word' id='word_1_59' title='bbox 1056 834 1080 875; x_wconf 74' lang='grc' dir='ltr'>ὲ</span> <span class='ocrx_word' id='word_1_60' title='bbox 1100 834 1155 874; x_wconf 84' lang='lat' dir='ltr'>rei</span> <span class='ocrx_word' id='word_1_61' title='bbox 1175 831 1394 875; x_wconf 86' lang='lat' dir='ltr'>familiaris</span> <span class='ocrx_word' id='word_1_62' title='bbox 1419 846 1493 875; x_wconf 53' lang='lat' dir='ltr'>cus</span> 
     </span>
     <span class='ocr_line' id='line_1_10' title="bbox 267 910 1496 964; baseline 0.002 -12"><span class='ocrx_word' id='word_1_63' title='bbox 267 923 311 952; x_wconf 76' lang='lat' dir='ltr'>ra</span> <span class='ocrx_word' id='word_1_64' title='bbox 336 919 375 952; x_wconf 89' lang='lat' dir='ltr'>et</span> <span class='ocrx_word' id='word_1_65' title='bbox 399 910 626 952; x_wconf 81' lang='lat' dir='ltr'>amicorum</span> <span class='ocrx_word' id='word_1_66' title='bbox 658 911 840 964; x_wconf 84' lang='lat' dir='ltr'>negotiis</span> <span class='ocrx_word' id='word_1_67' title='bbox 869 920 1036 963; x_wconf 85' lang='lat' dir='ltr'>tempus</span> <span class='ocrx_word' id='word_1_68' title='bbox 1074 921 1343 964; x_wconf 76' lang='lat' dir='ltr'>superesset,</span> <span class='ocrx_word' id='word_1_69' title='bbox 1376 911 1496 964; x_wconf 89' lang='lat' dir='ltr'>quod</span> 
     </span>
     <span class='ocr_line' id='line_1_11' title="bbox 270 987 1497 1039; baseline 0.001 -10"><span class='ocrx_word' id='word_1_70' title='bbox 270 1000 372 1030; x_wconf 78' lang='lat' dir='ltr'>sane</span> <span class='ocrx_word' id='word_1_71' title='bbox 396 987 579 1028; x_wconf 89' lang='lat' dir='ltr'>multum</span> <span class='ocrx_word' id='word_1_72' title='bbox 615 996 732 1039; x_wconf 84' lang='lat' dir='ltr'>erat,</span> <span class='ocrx_word' id='word_1_73' title='bbox 762 987 1002 1030; x_wconf 80' lang='lat' dir='ltr'>Literar-um</span> <span class='ocrx_word' id='word_1_74' title='bbox 1028 987 1179 1029; x_wconf 82' lang='lat' dir='ltr'>studiis</span> <span class='ocrx_word' id='word_1_75' title='bbox 1213 989 1354 1031; x_wconf 85' lang='lat' dir='ltr'>dabat.</span> <span class='ocrx_word' id='word_1_76' title='bbox 1413 990 1497 1030; x_wconf 69' lang='lat' dir='ltr'>De«</span> 
     </span>
     <span class='ocr_line' id='line_1_12' title="bbox 269 1064 1495 1123; baseline -0.002 -14"><span class='ocrx_word' id='word_1_77' title='bbox 269 1077 362 1109; x_wconf 86' lang='lat' dir='ltr'>nuo</span> <span class='ocrx_word' id='word_1_78' title='bbox 397 1064 540 1106; x_wconf 85' lang='lat' dir='ltr'>victor</span> <span class='ocrx_word' id='word_1_79' title='bbox 575 1064 846 1123; x_wconf 69' lang='lat' dir='ltr'>renunciatus</span> <span class='ocrx_word' id='word_1_80' title='bbox 882 1074 948 1107; x_wconf 84' lang='lat' dir='ltr'>est</span> <span class='ocrx_word' id='word_1_81' title='bbox 986 1064 1226 1116; x_wconf 84' lang='lat' dir='ltr'>propositi,</span> <span class='ocrx_word' id='word_1_82' title='bbox 1268 1064 1319 1106; x_wconf 85' lang='lat' dir='ltr'>ab</span> <span class='ocrx_word' id='word_1_83' title='bbox 1355 1066 1495 1107; x_wconf 83' lang='lat' dir='ltr'>eadem</span> 
     </span>
     <span class='ocr_line' id='line_1_13' title="bbox 271 1140 1497 1194; baseline -0.001 -9"><span class='ocrx_word' id='word_1_84' title='bbox 271 1141 501 1186; x_wconf 86' lang='lat' dir='ltr'>Academia</span> <span class='ocrx_word' id='word_1_85' title='bbox 531 1140 867 1194; x_wconf 72' lang='lat' dir='ltr'>Inscriptionum</span> <span class='ocrx_word' id='word_1_86' title='bbox 907 1150 947 1182; x_wconf 92' lang='lat' dir='ltr'>et</span> <span class='ocrx_word' id='word_1_87' title='bbox 984 1141 1299 1194; x_wconf 76' lang='lat' dir='ltr'>Elegantiorum</span> <span class='ocrx_word' id='word_1_88' title='bbox 1336 1141 1497 1185; x_wconf 67' lang='lat' dir='ltr'>Literae.</span> 
     </span>
    </p>
   </div>
   <div class='ocr_carea' id='block_1_3' title="bbox 268 1217 1506 2492">
    <p class='ocr_par' dir='ltr' id='par_1_3' title="bbox 268 1217 1506 2492">
     <span class='ocr_line' id='line_1_14' title="bbox 268 1217 1499 1270; baseline 0 -10"><span class='ocrx_word' id='word_1_89' title='bbox 268 1231 363 1260; x_wconf 87' lang='lat' dir='ltr'>rum</span> <span class='ocrx_word' id='word_1_90' title='bbox 381 1250 396 1270; x_wconf 87' lang='lat'>‚</span> <span class='ocrx_word' id='word_1_91' title='bbox 428 1218 666 1260; x_wconf 80' lang='lat' dir='ltr'>certaminis</span> <span class='ocrx_word' id='word_1_92' title='bbox 694 1218 865 1259; x_wconf 82' lang='lat' dir='ltr'>literarii</span> <span class='ocrx_word' id='word_1_93' title='bbox 887 1217 937 1258; x_wconf 79' lang='lat' dir='ltr'>a&#39;e</span> <span class='ocrx_word' id='word_1_94' title='bbox 960 1219 1200 1259; x_wconf 77' lang='lat' dir='ltr'>numinibus</span> <span class='ocrx_word' id='word_1_95' title='bbox 1225 1227 1264 1258; x_wconf 75' lang='lat' dir='ltr'>et</span> <span class='ocrx_word' id='word_1_96' title='bbox 1285 1220 1402 1260; x_wconf 71' lang='lat' dir='ltr'><em>cultu</em></span> <span class='ocrx_word' id='word_1_97' title='bbox 1425 1219 1499 1260; x_wconf 86' lang='lat' dir='ltr'>Ce-</span> 
     </span>
     <span class='ocr_line' id='line_1_15' title="bbox 273 1293 1501 1350; baseline -0.003 -12"><span class='ocrx_word' id='word_1_98' title='bbox 273 1298 390 1340; x_wconf 63' lang='lat' dir='ltr'>reris</span> <span class='ocrx_word' id='word_1_99' title='bbox 425 1304 465 1336; x_wconf 78' lang='lat' dir='ltr'>et</span> <span class='ocrx_word' id='word_1_100' title='bbox 500 1295 785 1350; x_wconf 77' lang='lat' dir='ltr'>Proserpinae</span> <span class='ocrx_word' id='word_1_101' title='bbox 825 1306 863 1336; x_wconf 88' lang='lat' dir='ltr'>a.</span> <span class='ocrx_word' id='word_1_102' title='bbox 895 1293 1287 1336; x_wconf 84' lang='lat' dir='ltr'><strong>MDCCLXXVH.</strong></span> <span class='ocrx_word' id='word_1_103' title='bbox 1355 1293 1501 1334; x_wconf 69' lang='lat' dir='ltr'>Proxi-</span> 
     </span>
     <span class='ocr_line' id='line_1_16' title="bbox 272 1367 1501 1413; baseline -0.003 0"><span class='ocrx_word' id='word_1_104' title='bbox 272 1384 345 1413; x_wconf 86' lang='lat' dir='ltr'>mo</span> <span class='ocrx_word' id='word_1_105' title='bbox 370 1383 480 1413; x_wconf 85' lang='lat' dir='ltr'>anno</span> <span class='ocrx_word' id='word_1_106' title='bbox 508 1381 681 1411; x_wconf 86' lang='lat' dir='ltr'>secutus</span> <span class='ocrx_word' id='word_1_107' title='bbox 719 1379 783 1410; x_wconf 86' lang='lat' dir='ltr'>est</span> <span class='ocrx_word' id='word_1_108' title='bbox 818 1381 936 1410; x_wconf 84' lang='lat' dir='ltr'>sacer</span> <span class='ocrx_word' id='word_1_109' title='bbox 977 1367 1179 1410; x_wconf 77' lang='lat' dir='ltr'>Indorum</span> <span class='ocrx_word' id='word_1_110' title='bbox 1215 1368 1319 1409; x_wconf 81' lang='lat' dir='ltr'>liber</span> <span class='ocrx_word' id='word_1_111' title='bbox 1355 1367 1501 1410; x_wconf 87' lang='lat' dir='ltr'>dictus</span> 
     </span>
     <span class='ocr_line' id='line_1_17' title="bbox 271 1444 1496 1496; baseline -0.003 -8"><span class='ocrx_word' id='word_1_112' title='bbox 271 1444 655 1495; x_wconf 67' lang='lat' dir='ltr'>Ezour-Vedam‚</span> <span class='ocrx_word' id='word_1_113' title='bbox 687 1444 729 1486; x_wconf 90' lang='lat' dir='ltr'>id</span> <span class='ocrx_word' id='word_1_114' title='bbox 752 1454 844 1496; x_wconf 82' lang='lat' dir='ltr'>est,</span> <span class='ocrx_word' id='word_1_115' title='bbox 882 1446 1010 1487; x_wconf 70' lang='lat' dir='ltr'>Vetas</span> <span class='ocrx_word' id='word_1_116' title='bbox 1046 1446 1378 1486; x_wconf 74' lang='lat' dir='ltr'>Commentarius</span> <span class='ocrx_word' id='word_1_117' title='bbox 1415 1445 1496 1486; x_wconf 68' lang='lat' dir='ltr'>Veo</span> 
     </span>
     <span class='ocr_line' id='line_1_18' title="bbox 270 1520 1499 1576; baseline -0.005 -9"><span class='ocrx_word' id='word_1_118' title='bbox 270 1524 392 1567; x_wconf 70' lang='lat' dir='ltr'>danii</span> <span class='ocrx_word' id='word_1_119' title='bbox 428 1527 642 1564; x_wconf 79' lang='lat' dir='ltr'>conti-nens</span> <span class='ocrx_word' id='word_1_120' title='bbox 676 1522 970 1576; x_wconf 77' lang='lat' dir='ltr'>expositionem</span> <span class='ocrx_word' id='word_1_121' title='bbox 1007 1522 1243 1575; x_wconf 52' lang='lat' dir='ltr'>opizaonam</span> <span class='ocrx_word' id='word_1_122' title='bbox 1277 1520 1499 1574; x_wconf 79' lang='lat' dir='ltr'>religiosa·</span> 
     </span>
     <span class='ocr_line' id='line_1_19' title="bbox 272 1595 1496 1656; baseline -0.002 -14"><span class='ocrx_word' id='word_1_123' title='bbox 272 1615 371 1642; x_wconf 75' lang='lat' dir='ltr'>rum</span> <span class='ocrx_word' id='word_1_124' title='bbox 417 1610 457 1642; x_wconf 79' lang='lat' dir='ltr'>et</span> <span class='ocrx_word' id='word_1_125' title='bbox 488 1599 834 1656; x_wconf 76' lang='lat' dir='ltr'>philosopharam</span> <span class='ocrx_word' id='word_1_126' title='bbox 860 1628 874 1648; x_wconf 80' lang='lat'>‚</span> <span class='ocrx_word' id='word_1_127' title='bbox 918 1595 1137 1638; x_wconf 75' lang='lat' dir='ltr'>Indorum.</span> <span class='ocrx_word' id='word_1_128' title='bbox 1194 1595 1418 1637; x_wconf 72' lang='lat' dir='ltr'>Ebroduni</span> <span class='ocrx_word' id='word_1_129' title='bbox 1457 1609 1496 1639; x_wconf 62' lang='lat' dir='ltr'>aa</span> 
     </span>
     <span class='ocr_line' id='line_1_20' title="bbox 271 1671 1502 1727; baseline -0.006 -6"><span class='ocrx_word' id='word_1_130' title='bbox 271 1673 710 1727; x_wconf 82' lang='lat' dir='ltr'>MDCCLXXVIlI‚</span> <span class='ocrx_word' id='word_1_131' title='bbox 752 1674 925 1716; x_wconf 85' lang='lat' dir='ltr'>duobus</span> <span class='ocrx_word' id='word_1_132' title='bbox 976 1671 1297 1724; x_wconf 78' lang='lat' dir='ltr'>voluminibus,</span> <span class='ocrx_word' id='word_1_133' title='bbox 1339 1672 1502 1714; x_wconf 83' lang='lat' dir='ltr'>formae</span> 
     </span>
     <span class='ocr_line' id='line_1_21' title="bbox 273 1746 1506 1800; baseline -0.011 -1"><span class='ocrx_word' id='word_1_134' title='bbox 273 1753 563 1799; x_wconf 84' lang='lat' dir='ltr'>duodecimae.</span> <span class='ocrx_word' id='word_1_135' title='bbox 625 1751 791 1791; x_wconf 83' lang='lat' dir='ltr'>Rursus</span> <span class='ocrx_word' id='word_1_136' title='bbox 827 1750 1020 1800; x_wconf 86' lang='lat' dir='ltr'>proximo</span> <span class='ocrx_word' id='word_1_137' title='bbox 1043 1777 1058 1798; x_wconf 80' lang='lat'>‚</span> <span class='ocrx_word' id='word_1_138' title='bbox 1090 1746 1158 1788; x_wconf 89' lang='lat' dir='ltr'>De</span> <span class='ocrx_word' id='word_1_139' title='bbox 1189 1747 1316 1788; x_wconf 75' lang='lat' dir='ltr'><em>Statu</em></span> <span class='ocrx_word' id='word_1_140' title='bbox 1343 1756 1384 1788; x_wconf 82' lang='lat' dir='ltr'>et</span> <span class='ocrx_word' id='word_1_141' title='bbox 1407 1761 1506 1793; x_wconf 55' lang='lat' dir='ltr'>cona&gt;</span> 
     </span>
     <span class='ocr_line' id='line_1_22' title="bbox 273 1820 1499 1880; baseline -0.01 -8"><span class='ocrx_word' id='word_1_142' title='bbox 273 1831 436 1874; x_wconf 76' lang='lat' dir='ltr'>ditione</span> <span class='ocrx_word' id='word_1_143' title='bbox 455 1829 724 1869; x_wconf 73' lang='lat' dir='ltr'>Coloniarum</span> <span class='ocrx_word' id='word_1_144' title='bbox 752 1823 871 1880; x_wconf 79' lang='lat' dir='ltr'>apud</span> <span class='ocrx_word' id='word_1_145' title='bbox 888 1823 1111 1877; x_wconf 74' lang='lat' dir='ltr'>Antiquos.</span> <span class='ocrx_word' id='word_1_146' title='bbox 1143 1820 1499 1876; x_wconf 62' lang='lat' dir='ltr'>Philadelphiae‚</span> 
     </span>
     <span class='ocr_line' id='line_1_23' title="bbox 272 1900 1505 1951; baseline -0.011 0"><span class='ocrx_word' id='word_1_147' title='bbox 272 1907 411 1951; x_wconf 84' lang='lat' dir='ltr'>forma</span> <span class='ocrx_word' id='word_1_148' title='bbox 434 1916 589 1949; x_wconf 84' lang='lat' dir='ltr'>octona</span> <span class='ocrx_word' id='word_1_149' title='bbox 627 1902 1022 1945; x_wconf 84' lang='lat' dir='ltr'>MDCCLXXXI:</span> <span class='ocrx_word' id='word_1_150' title='bbox 1058 1900 1158 1941; x_wconf 90' lang='lat' dir='ltr'>item</span> <span class='ocrx_word' id='word_1_151' title='bbox 1195 1900 1505 1940; x_wconf 72' lang='lat' dir='ltr'>Atmotationcs-</span> 
     </span>
     <span class='ocr_line' id='line_1_24' title="bbox 272 1972 1502 2031; baseline -0.01 -5"><span class='ocrx_word' id='word_1_152' title='bbox 272 1983 448 2026; x_wconf 71' lang='lat' dir='ltr'>additae</span> <span class='ocrx_word' id='word_1_153' title='bbox 474 1981 650 2023; x_wconf 79' lang='lat' dir='ltr'>editioni</span> <span class='ocrx_word' id='word_1_154' title='bbox 674 1977 791 2019; x_wconf 84' lang='lat' dir='ltr'>Vibii</span> <span class='ocrx_word' id='word_1_155' title='bbox 815 1976 1051 2031; x_wconf 75' lang='lat' dir='ltr'>Sequestris</span> <span class='ocrx_word' id='word_1_156' title='bbox 1076 1974 1396 2015; x_wconf 71' lang='lat' dir='ltr'>Oberlinianae.</span> <span class='ocrx_word' id='word_1_157' title='bbox 1440 1972 1502 2014; x_wconf 86' lang='lat' dir='ltr'>Et</span> 
     </span>
     <span class='ocr_line' id='line_1_25' title="bbox 272 2051 1502 2112; baseline -0.007 -9"><span class='ocrx_word' id='word_1_158' title='bbox 272 2063 324 2104; x_wconf 88' lang='lat' dir='ltr'>de</span> <span class='ocrx_word' id='word_1_159' title='bbox 360 2062 426 2103; x_wconf 90' lang='lat' dir='ltr'>his</span> <span class='ocrx_word' id='word_1_160' title='bbox 467 2060 633 2112; x_wconf 82' lang='lat' dir='ltr'>quidem</span> <span class='ocrx_word' id='word_1_161' title='bbox 667 2058 836 2099; x_wconf 87' lang='lat' dir='ltr'>duobus</span> <span class='ocrx_word' id='word_1_162' title='bbox 874 2055 989 2096; x_wconf 89' lang='lat' dir='ltr'>illius</span> <span class='ocrx_word' id='word_1_163' title='bbox 1024 2053 1120 2094; x_wconf 87' lang='lat' dir='ltr'>anni</span> <span class='ocrx_word' id='word_1_164' title='bbox 1143 2051 1343 2104; x_wconf 78' lang='lat' dir='ltr'>operibus</span> <span class='ocrx_word' id='word_1_165' title='bbox 1367 2051 1502 2094; x_wconf 86' lang='lat' dir='ltr'>verbo</span> 
     </span>
     <span class='ocr_line' id='line_1_26' title="bbox 275 2128 1499 2182; baseline -0.011 0"><span class='ocrx_word' id='word_1_166' title='bbox 275 2141 462 2182; x_wconf 76' lang='lat' dir='ltr'>diximus</span> <span class='ocrx_word' id='word_1_167' title='bbox 482 2139 525 2180; x_wconf 89' lang='lat' dir='ltr'>in</span> <span class='ocrx_word' id='word_1_168' title='bbox 548 2135 837 2178; x_wconf 82' lang='lat' dir='ltr'>Bibliothecae</span> <span class='ocrx_word' id='word_1_169' title='bbox 863 2133 1045 2175; x_wconf 84' lang='lat' dir='ltr'>Criticae</span> <span class='ocrx_word' id='word_1_170' title='bbox 1064 2130 1182 2172; x_wconf 81' lang='lat' dir='ltr'>Parte</span> <span class='ocrx_word' id='word_1_171' title='bbox 1204 2128 1292 2180; x_wconf 82' lang='lat' dir='ltr'>lV,</span> <span class='ocrx_word' id='word_1_172' title='bbox 1323 2142 1369 2180; x_wconf 90' lang='lat' dir='ltr'>p.</span> <span class='ocrx_word' id='word_1_173' title='bbox 1394 2139 1499 2180; x_wconf 76' lang='lat'><strong>132,</strong></span> 
     </span>
     <span class='ocr_line' id='line_1_27' title="bbox 269 2203 1492 2267; baseline -0.012 -9"><span class='ocrx_word' id='word_1_174' title='bbox 269 2225 310 2258; x_wconf 90' lang='lat' dir='ltr'>et</span> <span class='ocrx_word' id='word_1_175' title='bbox 336 2215 423 2266; x_wconf 80' lang='lat' dir='ltr'>Vl,</span> <span class='ocrx_word' id='word_1_176' title='bbox 455 2227 499 2267; x_wconf 91' lang='lat' dir='ltr'>p.</span> <span class='ocrx_word' id='word_1_177' title='bbox 534 2214 638 2255; x_wconf 66' lang='lat'>1162</span> <span class='ocrx_word' id='word_1_178' title='bbox 675 2212 846 2252; x_wconf 80' lang='lat' dir='ltr'>uberius</span> <span class='ocrx_word' id='word_1_179' title='bbox 874 2218 1010 2250; x_wconf 87' lang='lat' dir='ltr'>autem</span> <span class='ocrx_word' id='word_1_180' title='bbox 1034 2208 1084 2248; x_wconf 90' lang='lat' dir='ltr'>de</span> <span class='ocrx_word' id='word_1_181' title='bbox 1112 2215 1289 2257; x_wconf 82' lang='lat' dir='ltr'>utraque</span> <span class='ocrx_word' id='word_1_182' title='bbox 1315 2203 1492 2245; x_wconf 76' lang='lat' dir='ltr'>editione</span> 
     </span>
     <span class='ocr_line' id='line_1_28' title="bbox 275 2278 1496 2346; baseline -0.013 -12"><span class='ocrx_word' id='word_1_183' title='bbox 275 2292 489 2334; x_wconf 52' lang='lat' dir='ltr'>Ces-isarae</span> <span class='ocrx_word' id='word_1_184' title='bbox 535 2290 802 2346; x_wconf 78' lang='lat' dir='ltr'>Scriptorum</span> <span class='ocrx_word' id='word_1_185' title='bbox 845 2286 895 2328; x_wconf 84' lang='lat' dir='ltr'>de</span> <span class='ocrx_word' id='word_1_186' title='bbox 942 2284 1077 2326; x_wconf 72' lang='lat' dir='ltr'><em>Rebus</em></span> <span class='ocrx_word' id='word_1_187' title='bbox 1115 2279 1361 2322; x_wconf 74' lang='lat' dir='ltr'>Alexandri</span> <span class='ocrx_word' id='word_1_188' title='bbox 1396 2278 1496 2319; x_wconf 83' lang='lat' dir='ltr'>Ma-</span> 
     </span>
     <span class='ocr_line' id='line_1_29' title="bbox 270 2353 1498 2422; baseline -0.009 -16"><span class='ocrx_word' id='word_1_189' title='bbox 270 2369 377 2422; x_wconf 73' lang='lat' dir='ltr'>gni,</span> <span class='ocrx_word' id='word_1_190' title='bbox 411 2365 590 2405; x_wconf 86' lang='lat' dir='ltr'>ibidem:</span> <span class='ocrx_word' id='word_1_191' title='bbox 621 2365 670 2405; x_wconf 85' lang='lat' dir='ltr'>de</span> <span class='ocrx_word' id='word_1_192' title='bbox 704 2353 866 2416; x_wconf 75' lang='lat' dir='ltr'>pi&#39;ima,</span> <span class='ocrx_word' id='word_1_193' title='bbox 898 2361 1015 2402; x_wconf 81' lang='lat' dir='ltr'>Parte</span> <span class='ocrx_word' id='word_1_194' title='bbox 1042 2359 1109 2410; x_wconf 85' lang='grc' dir='ltr'>ΙΙ,</span> <span class='ocrx_word' id='word_1_195' title='bbox 1152 2371 1196 2410; x_wconf 90' lang='lat' dir='ltr'>p.</span> <span class='ocrx_word' id='word_1_196' title='bbox 1229 2369 1336 2412; x_wconf 81' lang='lat'>129:</span> <span class='ocrx_word' id='word_1_197' title='bbox 1367 2356 1416 2397; x_wconf 87' lang='lat' dir='ltr'>de</span> <span class='ocrx_word' id='word_1_198' title='bbox 1442 2355 1498 2395; x_wconf 89' lang='lat' dir='ltr'>al·</span> 
     </span>
     <span class='ocr_line' id='line_1_30' title="bbox 274 2434 1500 2492; baseline -0.012 -8"><span class='ocrx_word' id='word_1_199' title='bbox 274 2454 390 2492; x_wconf 80' lang='lat' dir='ltr'>tera,</span> <span class='ocrx_word' id='word_1_200' title='bbox 425 2440 508 2488; x_wconf 66' lang='lat' dir='ltr'>xl,</span> <span class='ocrx_word' id='word_1_201' title='bbox 551 2453 594 2491; x_wconf 86' lang='lat' dir='ltr'>p.</span> <span class='ocrx_word' id='word_1_202' title='bbox 627 2453 718 2491; x_wconf 68' lang='lat'>132·</span> <span class='ocrx_word' id='word_1_203' title='bbox 781 2439 914 2480; x_wconf 82' lang='lat' dir='ltr'>Porro</span> <span class='ocrx_word' id='word_1_204' title='bbox 951 2434 1246 2489; x_wconf 82' lang='lat' dir='ltr'>gravissimum</span> <span class='ocrx_word' id='word_1_205' title='bbox 1283 2441 1500 2484; x_wconf 84' lang='lat' dir='ltr'>argumen-</span> 
     </span>
    </p>
   </div>
   <div class='ocr_carea' id='block_1_4' title="bbox 273 2506 1502 2622">
    <p class='ocr_par' dir='ltr' id='par_1_4' title="bbox 273 2506 1502 2622">
     <span class='ocr_line' id='line_1_31' title="bbox 273 2506 1499 2570; baseline -0.014 -9"><span class='ocrx_word' id='word_1_206' title='bbox 273 2526 364 2562; x_wconf 75' lang='lat' dir='ltr'>tum</span> <span class='ocrx_word' id='word_1_207' title='bbox 389 2515 440 2559; x_wconf 79' lang='lat' dir='ltr'>de</span> <span class='ocrx_word' id='word_1_208' title='bbox 461 2517 687 2570; x_wconf 67' lang='lat' dir='ltr'>llffystesiis</span> <span class='ocrx_word' id='word_1_209' title='bbox 715 2515 915 2558; x_wconf 77' lang='lat' dir='ltr'>Veterum</span> <span class='ocrx_word' id='word_1_210' title='bbox 933 2543 946 2564; x_wconf 84' lang='grc'>,</span> <span class='ocrx_word' id='word_1_211' title='bbox 974 2513 1057 2567; x_wconf 80' lang='lat' dir='ltr'>jam</span> <span class='ocrx_word' id='word_1_212' title='bbox 1090 2520 1210 2553; x_wconf 84' lang='lat' dir='ltr'>antea</span> <span class='ocrx_word' id='word_1_213' title='bbox 1235 2507 1429 2550; x_wconf 82' lang='lat' dir='ltr'>affectum</span> <span class='ocrx_word' id='word_1_214' title='bbox 1455 2506 1499 2545; x_wconf 86' lang='lat' dir='ltr'>in</span> 
     </span>
     <span class='ocr_line' id='line_1_32' title="bbox 1402 2580 1502 2622; baseline -0.02 0"><span class='ocrx_word' id='word_1_215' title='bbox 1402 2580 1502 2622; x_wconf 64' lang='lat' dir='ltr'>Dis-³</span> 
     </span>
    </p>
   </div>
  </div>
 </body>
</html>
