1693 3110
347 151 426 194 DE
457 147 974 194 IMMORTALITATE
1005 145 1200 191 ANIMI.
1288 161 1367 204 521

166 272 404 327 Scriptores
440 278 573 315 autem
598 271 688 324 ejus
719 272 773 312 rei
798 271 1125 324 antiquissimi,
1142 271 1257 323 quod
1280 270 1373 322 qui·
1394 281 1481 310 secr.
1501 276 1551 308 rr:
1589 317 1591 319 ι

160 350 256 390 dem
273 359 437 390 constet
452 379 466 399 ,
486 346 728 389 Aristotelis
747 344 830 386 fere
843 348 1031 397 aequales
1043 345 1231 387 fuerunt.
1263 345 1373 387 Sunt
1393 322 1605 361 pythagoras.

164 424 326 476 quippe
363 423 590 476 deperditi,
621 433 659 463 et
687 434 736 463 ex
769 424 1048 473 posteriorum
1077 433 1237 463 tantum
1263 433 1377 466 men.-

166 499 283 540 tione
296 500 480 551 cogniti:
505 498 784 541 Dicaearchus
809 507 848 538 et
875 497 1260 549 Clearchus,apud
1274 496 1377 558 Gel—

163 574 266 614 lium
298 574 427 616 Noct.
459 579 551 617 Att.
578 574 653 615 lv.
691 586 767 617 11:
800 583 841 615 et
870 571 1110 614 Heraclides
1135 573 1374 625 Ponticus,

161 649 275 701 apud
305 650 434 703 Diog.
470 649 608 692 Laert.
639 648 758 691 VIII.
788 661 830 702 4.
892 648 1055 691 Priores
1088 650 1172 690 duo
1197 651 1376 700 pruden-

156 734 232 766 *tes
260 724 430 766 fuerunt
453 736 492 766 et
518 723 787 766 eruditissimi
810 733 1027 766 auctores:
1051 724 1261 776 posterior
1282 725 1375 775 ipse

163 812 337 853 quoque
376 812 623 854 magnopere
658 798 876 849 eruditus,
908 800 990 841 'scd
1033 799 1188 841 fabulis
1222 811 1268 840 ac
1303 812 1375 841 su-

160 877 402 928 perstitioni
439 876 617 918 deditus,
693 877 882 926 Apparet
910 886 1006 927 ergo
1027 905 1041 925 ,
1085 876 1187 916 hanc
1222 875 1373 921 famam

150 949 300 991 ⁴fuisse
331 952 447 991 valde
473 950 714 1001 antiquam3
748 961 824 990 nec
860 949 967 991 enim
993 951 1082 992 sine
1105 949 1371 1001 antiquitatis

156 1026 410 1068 auctoritate
443 1025 612 1077 scripto
648 1037 733 1066 eam
773 1025 1056 1077 prodidissent
1091 1026 1372 1073 Dicaearchus

149 1111 202 1143 ,et
227 1101 484 1152 Clearchus,
509 1101 608 1152 sed,
635 1112 764 1152 quum
791 1112 875 1141 non
902 1109 1093 1150 constet,
1121 1110 1261 1141 utrum
1283 1112 1371 1148 eam

159 1178 375 1219 retulerint
411 1185 622 1228 tamquam
657 1189 766 1232 quac
791 1175 915 1229 vulgo
938 1175 1151 1226 feratur,
1184 1187 1236 1216 an
1263 1187 1372 1221 tam,-

156 1264 281 1305 quarn
314 1265 422 1307 quae
453 1261 568 1291 certo
599 1249 830 1304 referenda
862 1253 917 1290 sit
950 1250 1011 1292 ad
1044 1250 1369 1305 Pythagoram,-

156 1341 244 1372 non
267 1339 496 1380 possumus
519 1326 600 1379 ipsi
634 1335 843 1376 statuere,
874 1325 1198 1368 tribuendumne
1229 1326 1286 1367 sit
1318 1326 1369 1376 il,-

153 1404 233 1447 lud
266 1412 546 1446 commentum
576 1401 658 1453 ipsi
692 1401 979 1454 Pythagorae,
1017 1415 1069 1442 an
1105 1401 1364 1456 posteriores

153 1479 391 1532 Scriptores
413 1479 462 1519 de
487 1478 582 1529 ipso
613 1477 826 1518 finxerint.
885 1475 1095 1518 Neutrum
1120 1476 1317 1518 abhorret
1340 1460 1363 1518 a

152 1552 530 1597 verisimilitudine.
590 1551 700 1594 Nam
729 1563 804 1593 nec
827 1550 1089 1605 Pythagoras
1118 1565 1282 1595 omnem
1309 1553 1360 1594 ab

154 1629 368 1672 Institutis
394 1627 485 1673 suis
509 1627 745 1680 repudiavit
770 1628 1141 1681 superstitionem,
1167 1640 1213 1670 ut
1236 1641 1361 1681 supra

154 1705 415 1749 monuimus.
474 1705 532 1748 Et
570 1702 721 1744 similia
752 1703 802 1744 de
824 1704 901 1745 sua
922 1703 1011 1756 ipse
1031 1703 1361 1758 transmigratio..

152 1796 204 1826 ne
225 1792 370 1836 postea
388 1780 563 1834 jactavit
590 1778 901 1830 Empedocles,
934 1791 1039 1831 quae
1069 1778 1281 1832 fortasse,
1311 1788 1360 1832 ut

138 1859 229 1901 -alia
261 1856 529 1910 Empedoclis
549 1887 563 1909 ,
593 1867 665 1907 per
707 1867 881 1896 errorem
915 1854 1176 1907 posteritatis
1206 1855 1248 1896 in
1285 1855 1364 1909 Py-

150 1935 349 1988 thagorae
374 1945 525 1975 nomen
548 1930 746 1972 translata
774 1939 891 1974 sunt.
955 1931 1180 1973 Videamus
1200 1930 1282 1984 jau]
1307 1932 1362 1984 de

149 2010 243 2062 ipsa
265 2007 464 2060 opinione
492 2007 901 2060 Transmigrationls
927 2007 1213 2057 Animarum,
1236 2020 1361 2059 quam

151 2085 257 2138 quin
285 2083 465 2126 tenuerit
490 2083 775 2135 Pythagoras,
799 2081 916 2121 nullo
943 2081 1068 2122 modo
1091 2081 1271 2124 dubitari
1291 2083 1363 2124 de-

149 2161 248 2203 bet:
279 2161 380 2201 adeo
417 2168 620 2201 constans
643 2168 706 2198 est
732 2156 864 2197 totius
890 2156 1154 2207 antiquitatis
1179 2169 1361 2201 consen·

147 2247 243 2279 sus.
303 2234 384 2276 Sed
414 2246 465 2276 an
499 2234 590 2287 ipse
629 2233 718 2287 eJ‘us
746 2232 802 2273 sit
834 2231 1028 2273 inventor
1060 2243 1134 2272 nec
1161 2244 1240 2284 ne,
1273 2245 1362 2286 non

135 2311 253 2361 ,satis
284 2309 482 2352 convenit
519 2309 624 2352 inter
658 2308 911 2360 Scriptores.
957 2307 1086 2360 Diog,
1121 2306 1263 2353 Laert.
1297 2310 1363 2369 in-

135 2384 359 2435 (ventionis
383 2386 540 2426 laudem
569 2385 827 2439 Pythagorae
847 2382 994 2423 tribuit
1015 2381 1131 2425 VlII.
1170 2397 1234 2440 14.
1259 2367 1362 2446 πρᾷ-

144 2478 211 2507 vav
244 2462 288 2506 ’τέ
323 2466 428 2516 φασι
467 2465 600 2509 τοῦτον
635 2464 872 2516 ἀποφῆναι,
912 2459 982 2513 τὴν
1016 2462 1186 2518 ψυχὴν,
1216 2462 1361 2506 κύκλον

779 2532 859 2577 Kk
898 2544 924 2588 5
1230 2535 1362 2586 ἀνάγ-
