1693 3110
272 174 359 218 240
479 157 772 203 ΜΕΜΟΗΙΑ
801 146 1273 202 SANcTocRucti.

272 283 396 324 breve
427 290 466 322 et
505 281 707 321 incertum
748 278 929 331 reliquae
954 279 1063 320 vitae
1094 281 1273 333 spatium
1299 281 1401 325 bene
1427 283 1490 326 fas

271 360 355 401 ctis
382 358 599 400 extendere
633 368 844 399 conemur.
907 356 1213 401 Sanctocrucio
1246 370 1380 403 autem
1406 374 1484 406 no·-

270 445 362 477 stro
398 435 551 477 exitum
588 435 740 476 adtulit
767 434 935 478 affectio
968 436 1188 488 corporis,
1221 449 1326 489 quae
1354 440 1487 492 magis

269 524 367 552 cnm
402 512 624 553 doloribus
662 525 786 564 quam
815 513 925 554 vitae
948 513 1136 566 periculo
1168 515 1396 568 conJ'uneta
1425 517 1490 558 vi·

265 589 460 629 deretur:
487 601 568 639 qua
597 588 849 630 laborantem
874 589 972 631 dum
999 591 1123 631 amici
1149 603 1223 643 spe
1245 601 1285 633 et
1308 604 1491 635 comme·

269 664 504 706 moratione
545 665 863 718 repetendorum
905 665 1172 717 studiorum,
1217 666 1493 708 absolvenda-

270 755 451 794 rumque
472 742 753 794 scriptionum
780 741 1066 783 inchoatarum
1081 771 1097 792 ‚
1120 751 1305 782 recreant
1329 751 1369 782 et
1392 753 1497 783 con·

270 819 492 869 solantur,
519 820 740 871 inopinato
765 830 880 860 mors
907 830 999 859 eum
1023 817 1204 859 abstulit
1227 818 1293 859 die
1318 830 1365 860 xl
1382 817 1499 859 Mar-

272 894 353 946 tii,
396 894 526 946 hujus
563 895 660 936 anni
693 884 991 936 MDCCCIX.
1066 893 1211 935 Talem
1246 904 1498 946 tantumque

272 970 412 1013 virum
452 970 673 1013 amisimus
704 971 1085 1022 Sanctocrucinm,
1118 971 1190 1022 qui
1228 982 1315 1012 non
1353 972 1494 1012 solum

271 1044 548 1086 familiaribus
572 1055 611 1087 et
638 1047 785 1088 amicis
810 1046 930 1088 triste
958 1045 1179 1087 suavitatis
1207 1056 1248 1088 et
1271 1056 1502 1088 consuetu-

270 1121 382 1162 dinis
428 1134 527 1163 suae
577 1123 859 1174 desiderium,
901 1123 975 1164 sed
1011 1122 1213 1165 omnibus
1254 1123 1499 1173 doctrinae,

271 1199 471 1250 virtum,
505 1200 641 1251 magni
667 1211 706 1240 et
730 1199 773 1241 in
799 1200 984 1242 adversis
1007 1200 1130 1240 rebus
1158 1199 1305 1240 invicti
1334 1199 1492 1249 animi,

271 1274 483 1328 egregium
521 1276 756 1327 exemplum
794 1275 981 1326 reliquit.
1052 1275 1110 1317 Et
1153 1287 1263 1316 unus
1297 1286 1410 1315 nunc
1445 1286 1496 1315 ex

270 1350 346 1392 illa
374 1351 598 1394 parisiensi
631 1361 760 1393 aetate
793 1361 919 1403 atque
951 1349 1257 1393 consuetudine
1292 1349 1417 1391 nobis
1446 1359 1495 1391 tu

276 1439 480 1478 superes,
531 1427 768 1478 Lai-chere,
811 1427 1017 1469 Nestorea
1056 1428 1202 1479 vigens
1247 1435 1499 1469 senectute:

278 1514 403 1553 quam
443 1501 545 1542 'sibi
577 1515 703 1556 porro
737 1503 883 1544 laetam
918 1501 1140 1543 fortunent
1176 1500 1353 1544 Musae!
1414 1504 1502 1545 Αοι

274 1574 576 1622 MDCCCIX.

532 1841 1251 1892 ADDENDA

404 1989 471 2019 AD
516 1988 853 2022 MEMORIAM
894 1987 1386 2021 SANCTOCRUCII·

399 2220 466 2264 Ex
497 2222 630 2264 Affisc.
661 2222 816 2266 Doctr.
865 2222 965 2267 Lib.
990 2222 1051 2267 II.
1095 2235 1141 2277 p.
1167 2221 1274 2275 961,-
1309 2233 1408 2275 sqq.

284 2302 501 2418 Quum
540 2360 880 2403 desideratissimi
924 2359 1216 2403 Sanctocrucii
1257 2358 1507 2401 Memoriam

291 2436 608 2488 scribebamus,
640 2438 798 2478 dudum
835 2437 990 2479 frustra
1017 2447 1406 2490 exspectaveramus
1434 2435 1508 2475 ali-

288 2523 415 2564 quam
439 2514 629 2555 materiae
657 2515 939 2558 accessionem
963 2514 987 2555 a
1012 2513 1224 2558 Larchero
1254 2521 1403 2556 nostro
1430 2525 1507 2554 no-

1443 2586 1511 2628 bis
