1693 3110
316 159 397 205 DE
425 154 940 204 IMMORTALITATE
972 153 1171 199 Amul.
1270 152 1357 208 587

157 283 231 326 tali
253 289 576 334 temperamento
598 289 638 321 et
659 277 900 330 harmonia3
925 277 1085 331 quippe
1100 277 1143 319 in
1163 274 1363 329 plu-rimo-
1381 298 1467 328 sect.
1486 290 1535 328 v,-

157 370 251 400 rum
289 358 506 400 hominum
543 353 803 408 cogitatione
847 353 996 406 potius
1042 351 1361 407 discrepantiam

137 437 143 443 ’
162 445 290 487 quam
319 431 572 473 harmoniam
592 427 776 472 inesse.”

1383 338 1482 371 Plato.

211 536 239 561 „
268 507 463 559 Denique
486 503 894 547 animadvertendum
919 513 1011 555 est,
1036 502 1177 545 Animi
1199 502 1363 544 eandem
1384 514 1464 551 Arg.
1487 507 1562 545 vn.

156 594 249 626 esse
286 592 475 624 naturam
498 594 544 624 ac
566 592 699 621 rerum
715 578 1070 632 intelligibilium,
1091 579 1134 622 id
1154 587 1242 629 est,
1257 578 1369 620 idea-

158 669 250 698 rum
281 666 407 710 atque
436 656 720 698 Essentiarum
754 657 835 709 (p.
865 656 1109 708 394—396
1124 656 1165 708 ),
1224 652 1370 706 Nam,

159 742 208 777 nt
234 744 300 774 res
328 733 527 784 quaedam
561 731 617 772 sit
644 729 853 783 pulchra,
883 729 1110 782 requiritur
1133 728 1370 781 pulchritu-

158 808 271 851 dinis
296 807 559 861 praesentia:
591 815 637 847 ut
661 806 793 848 calida
814 806 867 847 sit
890 817 982 858 τες,
1007 805 1235 857 requiritur
1256 804 1371 844 calo-

154 884 212 925 ris
240 883 494 935 praeseniia:
531 893 579 923 ut
605 880 784 922 animata
811 881 866 923 sit
891 893 954 922 res
987 890 1028 923 et
1054 881 1196 933 vivat,
1230 880 1372 932 requi-

155 960 262 1000 ritur
294 959 438 1000 finiit-:i
465 960 723 1010 praesentia:
755 966 882 1009 atque
907 958 963 999 ita
987 958 1030 998 in
1055 958 1254 999 omnibus
1276 956 1369 997 aliis

101 1051 104 1054 ⁴
156 1034 281 1075 rebus
303 1043 382 1076 est.
442 1032 526 1074 Iam
556 1045 654 1074 vero
680 1045 742 1074 res
758 1063 772 1085 ⁹
801 1034 916 1075 verbi
941 1036 1089 1075 caussa
1105 1063 1119 1083 ‚
1139 1033 1270 1073 calida
1294 1045 1371 1084 po·

156 1115 240 1148 test
269 1107 421 1160 frigida
440 1106 555 1159 fieri3
583 1108 672 1161 ipse
693 1109 808 1150 calor
825 1121 1050 1161 numquam
1074 1117 1216 1160 potest
1235 1106 1370 1159 frigus

153 1182 261 1226 fieri.
321 1181 408 1225 Res
442 1185 617 1236 pulchra
651 1195 790 1236 potest
824 1186 961 1238 turpis
999 1186 1112 1226 fierit
1147 1186 1237 1237 ipsa
1274 1184 1370 1235 pul-

160 1259 359 1300 chritudo
394 1271 623 1310 numquam
658 1269 800 1313 potest
832 1260 921 1302 fieri
956 1260 1195 1312 turpitudo.
1257 1258 1371 1306 Nam

151 1334 476 1390 superveniente
503 1334 661 1389 frigore
679 1367 694 1387 0
725 1336 840 1378 calor
864 1336 950 1378 abit
966 1366 981 1386 ,
1013 1348 1088 1378 nec
1115 1336 1205 1388 ipse
1231 1335 1273 1377 in
1300 1336 1374 1376 fri-

151 1422 233 1464 gus
266 1420 477 1458 mutatur:
513 1412 832 1465 superveniente
859 1411 1147 1464 turpitudine⁷
1180 1412 1365 1465 pulchri-

152 1484 259 1526 tudo
289 1484 405 1536 abit,
436 1497 514 1526 nec
541 1485 634 1537 ipsa
660 1486 702 1526 in
729 1487 1025 1538 turpitudinem
1051 1496 1252 1532 mutatur.
1309 1487 1371 1529 Ita

155 1560 478 1612 superveniente
518 1572 677 1612 morte,
709 1561 891 1604 Animus
927 1562 1046 1614 abit,
1090 1575 1165 1604 nec
1203 1563 1294 1614 ipse
1327 1563 1370 1605 in

149 1647 326 1679 mortem
361 1646 577 1691 mutatui-5
611 1649 704 1685 nam
743 1638 887 1679 Animi
927 1640 1159 1691 praesentia
1195 1639 1369 1692 Corpus

153 1712 202 1755 fit
228 1713 454 1754 animatum
483 1724 524 1755 et
548 1713 722 1765 vivum;
742 1723 781 1756 et
802 1724 868 1755 est
890 1714 1034 1756 Animi
1058 1726 1206 1756 natura
1230 1715 1370 1757 eadem

156 1798 282 1840 atque
300 1788 491 1830 Idearum
517 1788 922 1841 Essentiarumque,
954 1784 1062 1841 'quae
1084 1801 1245 1842 semper
1270 1789 1373 1830 sub·

150 1864 338 1916 sistunt,
369 1875 445 1905 nec
468 1875 682 1916 umquam
724 1876 747 1905 a
781 1867 860 1909 sua
892 1863 933 1908 vi
975 1864 1192 1905 secedunt.
1253 1863 1370 1916 Ergo

143 1944 332 1997 ,Animus
357 1955 418 1985 est
434 1942 753 1986 Immortalis.”

206 2022 321 2067 Haec
346 2031 411 2062 est
434 2030 789 2074 ,argumentorum
818 2019 863 2066 in
898 2018 1116 2065 Phaedone
1147 2018 1369 2072 explicito-

137 2108 245 2150 -rum
272 2109 468 2148 summa,
500 2096 619 2137 brevi
648 2106 687 2136 et
714 2095 939 2147 perspicuo
956 2125 970 2145 ‚
1003 2095 1144 2150 quoad
1165 2096 1256 2148 ejus
1282 2093 1369 2134 fieri

138 2173 322 2226 potuit,
354 2173 608 2226 compendio
630 2172 860 2225 designata.
921 2171 1001 2213 Sed
1022 2171 1071 2212 de
1095 2172 1275 2228 singulis
1300 2171 1370 2216 de·

152 2249 299 2300 inceps
329 2249 457 2291 verbo
483 2250 734 2292 monendum
760 2258 838 2294 est.

206 2323 393 2366 Primum
433 2325 583 2368 nititur
614 2324 882 2376 Providentia
907 2323 1065 2366 Divina
1090 2333 1128 2365 et
1150 2322 1370 2377 reprehen-

152 2401 275 2452 sione
301 2402 526 2453 Corporis.
574 2433 609 2455 ‚0
631 2402 810 2443 Animus
835 2401 880 2443 in
899 2400 1095 2454 Corpore
1118 2412 1206 2443 non
1227 2405 1369 2453 potest

150 2477 359 2532 consequi
390 2476 617 2522 Veritatem
653 2488 694 2521 et
726 2475 953 2526 Virtutem.
1013 2477 1150 2529 Atqui
1194 2488 1259 2518 res
1286 2474 1367 2531 hu·

1282 2561 1370 2595 ma·

1390 2028 1415 2058 Α
1422 2034 1571 2065 rgumen-

1357 2092 1365 2100 .
1391 2076 1496 2100 torum
1517 2070 1588 2108 diju

1391 2111 1527 2145 dicatio.
