1693 3110
322 184 400 229 DE
431 172 946 226 IMMORTALITATE
978 168 1174 221 mnu.
1273 174 1359 231 619

154 307 226 352 vel
246 306 464 358 Luciano‚
498 303 570 356 qui
592 314 679 345 eam
717 303 868 344 diserte
902 300 1094 353 negavit,
1125 299 1191 342 vel
1223 296 1361 341 cuivis
1389 303 1475 335 secr.
1499 303 1590 356 ‚vm

159 384 241 440 aii,
277 383 348 436 qui
372 382 644 432 Mortuerum
667 377 901 430 Colloquia
926 376 1063 419 finxit.
1390 345 1524 387 Cymm,

455 537 483 579 S
542 535 576 586 E
638 534 676 577 C
736 532 792 576 T.
877 531 919 573 V
948 529 1078 579 ΙΙΙ.

638 684 708 728 Dc
738 686 904 729 Stoicis.

219 841 424 895 Diogenis
465 839 622 894 Cynici
655 839 907 893 discipulum
949 838 1159 881 Cratetem
1217 834 1378 878 audivit
1400 847 1605 894 see-tgvng,

164 929 196 970 jz
211 932 234 960 E
250 932 319 960 No
334 949 347 970 ,
379 919 566 962 Cittieus
584 949 598 971 ‚
631 928 778 959 auctor
800 916 967 957 Stoicae
984 926 1145 958 sectae:
1181 914 1255 967 qui
1278 924 1376 955 cum
1399 893 1512 924 ⁵‘⁰¹c¹'

167 995 371 1047 magistro
403 995 447 1036 in
482 1007 527 1035 ea
563 994 727 1046 quidem
760 1004 875 1046 parte
906 992 1148 1043 consensit,
1183 1001 1229 1033 ut
1252 990 1379 1033 finem

166 1070 468 1123 Philosophiae
504 1081 677 1125 poneret
710 1072 754 1113 in
787 1071 884 1112 vera
922 1069 1111 1110 libertate
1146 1079 1192 1107 ae
1224 1066 1384 1108 virtute

167 1147 339 1189 Animi:
373 1157 553 1188 ceterum
593 1146 643 1189 ab
678 1158 728 1189 eo
764 1146 821 1188 ita
855 1143 1079 1196 dissensit,
1111 1152 1159 1184 ut
1185 1142 1299 1182 hunc
1334 1139 1385 1182 fi-

163 1234 258 1266 nem
294 1235 381 1264 non
413 1224 506 1264 sola
537 1222 770 1264 voluntatis
805 1219 1051 1273 inductione
1079 1227 1118 1259 et
1153 1216 1384 1268 exercitio,

164 1298 283 1350 quod
316 1296 398 1338 fere
431 1298 609 1350 Cynicis
645 1296 867 1350 placebat,
909 1296 983 1337 sed
1018 1294 1177 1336 ratione
1211 1303 1388 1345 quoque

168 1384 211 1418 et
248 1385 382 1416 rerum
423 1374 616 1416 doctrina
661 1374 1007 1425 consequendum
1041 1383 1133 1413 esse
1167 1378 1386 1412 statueret.

167 1452 302 1507 Igitur
333 1462 373 1493 et
405 1454 454 1494 de
479 1451 638 1495 Morali
668 1461 783 1506 parte
810 1451 1015 1494 subtilius
1048 1450 1315 1503 disputavit,
1349 1456 1391 1491 et

168 1530 274 1572 duas
308 1527 486 1580 reliquas
522 1537 661 1579 partes
694 1527 966 1569 Dialecticatn
1003 1535 1043 1567 et
1073 1526 1298 1578 physicam
1323 1535 1388 1564 as·-

173 1603 329 1645 sumsit
346 1632 360 1654 ‚
381 1613 535 1653 casque
558 1601 613 1659 ita
640 1602 843 1655 explicare
867 1601 1030 1643 studuit
1046 1631 1060 1652 ‚
1085 1612 1131 1642 ut
1156 1598 1390 1653 perfectum

170 1688 213 1722 et
238 1678 436 1721 omnibus
470 1678 653 1721 numeris
679 1678 923 1722 absolutum
959 1678 1260 1732 Philosophiae
1282 1678 1393 1719 Cor·

171 1768 283 1809 pu5‚
315 1767 351 1796 s.
384 1751 608 1808 Systema‚
636 1755 934 1799 constitueret.
993 1754 1050 1796 Et
1072 1754 1122 1796 de
1142 1754 1269 1807 hujus
1296 1753 1394 1805 qui·

171 1832 265 1874 dem
303 1832 514 1873 doctrinae
538 1832 735 1873 laudibus
763 1833 933 1875 vitiisve
960 1833 1130 1874 uberius
1157 1843 1393 1884 exponere,

172 1916 216 1951 et
241 1908 414 1960 longum
430 1937 444 1959 ‚
476 1918 551 1950 nec
576 1906 704 1961 hujus
728 1908 813 1950 loci
829 1937 844 1960 2
876 1917 955 1960 est.
1014 1907 1155 1963 Quare
1177 1908 1393 1952 veniamus

171 1981 216 2025 in
239 1995 321 2030 rem
352 1992 626 2034 praesentem.

232 2061 417 2103 Constat
437 2062 545 2102 inter
557 2071 703 2102 omnes
719 2089 733 2111 ‚
748 2059 855 2102 hanc
880 2058 1016 2102 fuisse
1041 2058 1283 2103 Stoicorum
1300 2068 1394 2102 sen-

173 2136 343 2178 tentiam
360 2167 374 2190 ,
405 2137 585 2180 Am’mas
609 2150 690 2179 esse
716 2136 933 2179 mortales.
979 2135 1116 2191 Quam
1141 2135 1392 2177 sententiam

177 2213 276 2254 licet
310 2213 380 2254 alii
417 2214 496 2256 alia
534 2214 695 2257 ratione
728 2213 896 2266 alioque
932 2215 1059 2256 modo
1091 2212 1226 2255 secuti
1261 2221 1392 2267 sunt²

181 2301 327 2331 omncs
349 2298 484 2334 tamen
511 2290 555 2334 in
590 2303 638 2333 eo
665 2299 1001 2342 consenserunt,
1032 2288 1208 2332 Animos
1231 2301 1312 2330 non
1335 2299 1395 2327 es-

179 2377 221 2410 se
258 2370 541 2423 sempiternos.
615 2369 758 2420 Atque
799 2366 880 2409 hoc
916 2379 964 2409 eo
993 2366 1124 2420 magis
1157 2365 1392 2407 mirandum

178 2454 243 2484 est
267 2445 308 2485 in
331 2444 486 2487 Stoicis
502 2476 516 2497 ‚
540 2446 611 2499 qui
640 2456 849 2489 summurn
876 2443 1032 2486 bonum
1059 2443 1102 2484 in
1128 2441 1295 2482 Vmute
1318 2436 1393 2491 ρό-

182 2520 361 2574 nebant.
393 2520 601 2574 Vittutem
633 2523 767 2577 ipsam
809 2521 952 2567 studio
986 2529 1026 2570 et
1055 2519 1196 2564 labore
1222 2528 1394 2569 compa-

1330 2603 1393 2636 ra»
