1693 3110
293 179 372 226 DE
401 174 916 227 IMMORTALITATE
946 177 1140 227 ANIMI.
1226 190 1308 238 513

90 301 219 346 ribus
256 306 536 360 scriptoribus
554 333 569 354 ,
599 311 647 344 ut
680 302 839 345 fabulis
864 316 987 357 quam
1009 316 1110 347 vero
1131 302 1308 348 similio·
1328 307 1412 340 sect.
1434 306 1478 340 n.
1548 362 1550 364 Ι

99 391 148 421 ra
178 379 422 433 videantur3
465 391 628 434 operam
665 378 858 421 dabimus
878 410 893 431 ‚
935 390 982 422 ut
1015 393 1088 432 ea,
1120 391 1227 432 quae
1257 380 1310 422 ad
1329 348 1547 391 mmmm

102 453 456 500 immortalitatem
479 455 728 498 Animorum
756 455 994 508 pertinent,
1015 456 1162 497 critica
1180 455 1310 497 ratio·

97 541 152 572 ne
173 532 328 573 delecta
344 562 367 582 ‚.
385 531 562 574 breviter
583 530 867 572 exhibeamus.
909 529 1092 572 Primum
1118 531 1308 573 omnium

94 616 234 648 sectae
259 607 386 661 hujus
417 606 638 649 consilium
662 605 984 658 significandum
1010 614 1073 646 est
1096 617 1145 648 ex
1171 605 1308 657 ipsius

98 682 277 736 origine.
320 682 478 725 Habuit
496 681 754 735 Pythagoras
782 681 1007 735 magistros
1034 680 1218 734 duplicis
1241 692 1318 733 ge-

99 756 212 799 neris
235 757 278 800 in
301 757 608 810 Philosophia;
640 756 774 809 alios,
803 755 1076 810 Theologos‚
1103 755 1312 808 Pherecy-

97 832 191 874 dem
228 841 268 874 et
305 831 415 875 forte
442 831 762 885 Epimenidem:
794 831 929 882 aliOS,
960 831 1132 874 Ionicos
1166 830 1315 872 Philo-

101 907 265 961 sophos
284 937 299 959 ‚
328 909 396 949 vel
427 908 640 949 Thaletem
664 908 729 948 vel
751 906 1125 949 Anaximandrum.
1168 907 1313 958 Atque

104 992 157 1022 ex
191 981 258 1023 his
293 981 455 1023 duabus
490 982 728 1037 disciplinis
768 995 860 1024 eum
893 994 1009 1024 suam
1044 981 1314 1035 disciplinam

103 1056 415 1108 constituisse,
458 1058 569 1101 haud
604 1057 770 1100 difficile
808 1067 872 1100 est
904 1059 953 1100 ad
986 1057 1316 1100 animadverten-

105 1132 222 1176 dum.
282 1131 508 1174 Videamus
541 1133 644 1185 quid
666 1133 775 1175 inter
806 1133 1052 1188 Theologos
1076 1141 1116 1174 et
1141 1131 1314 1174 Ionicos

109 1208 398 1250 intercesserit
420 1238 434 1259 ‚
476 1209 601 1259 atque
632 1208 714 1250 hoc
758 1209 982 1250 discrimen
1016 1206 1317 1261 patefaciamus

101 1294 159 1324 ex
185 1282 441 1331 Plutarcho,
466 1282 796 1335 prudentissimo
820 1292 1016 1334 auctore,
1042 1283 1114 1336 qui
1140 1283 1194 1324 ita
1216 1295 1317 1336 pro·

102 1358 277 1400 nunciat
311 1358 354 1400 in
390 1358 500 1399 libro
537 1357 816 1401 Oraculorum
848 1358 1060 1410 Defectu,
1100 1357 1227 1401 Tom.
1254 1355 1318 1400 Π.

103 1445 200 1488 pag.
231 1434 330 1489 436.
394 1461 420 1484 „
453 1432 662 1485 Omnino,
693 1448 818 1490 quum
845 1434 954 1475 duae
978 1437 1063 1475 sint
1087 1436 1217 1475 omnis
1248 1446 1319 1473 or-

102 1509 170 1549 tzis
191 1521 391 1558 caussae⁹
424 1510 519 1561 (sc.
554 1521 666 1550 mens
690 1522 816 1563 agens
838 1519 877 1550 et
904 1511 1093 1551 materia
1115 1510 1321 1564 patiens)

105 1585 395 1640 antiquissimi
426 1582 461 1622 T
459 1583 617 1637 heologi
649 1584 742 1637 (sc.
775 1583 989 1639 Orphici)
1021 1593 1061 1625 et
1083 1584 1235 1625 Poetae
1260 1597 1322 1624 so-

103 1661 192 1702 lam
225 1660 580 1716 praestantiorem
617 1657 918 1709 celebrarunt,
961 1668 1001 1699 et
1035 1658 1220 1701 omnibus
1252 1672 1321 1700 re-

109 1736 184 1777 bus
219 1734 480 1790 explicandis
511 1735 584 1775 hoc
612 1734 910 1791 pervulgatum
944 1734 1102 1776 dictum
1134 1736 1205 1789 (s.
1234 1733 1322 1775 Or-

105 1811 313 1868 phicum)
356 1807 667 1850 adhibuerunt:
703 1811 809 1858 Ζεὺς
842 1811 979 1864 ἁρχὴ,
1020 1813 1118 1856 Ζεὺς
1152 1811 1319 1863 μέσσοι,

105 1889 196 1935 Διὸς
221 1886 303 1930 δ’ἐκ
324 1886 462 1930 πάντα
489 1886 704 1929 πέλονται·
736 1885 766 1927 i.
797 1897 834 1927 e.
896 1907 931 1936 ἦ,
956 1885 1222 1939 Principium
1247 1884 1319 1926 Iu-

98 1966 247 2020 piter,
278 1960 457 2003 medium
494 1958 630 2011 Iovis,
672 1963 812 2001 omma
849 1959 900 2000 ab
933 1962 1018 2014 ipso
1032 1959 1081 2013 ,·”
1112 1960 1173 2002 aa'
1194 1969 1321 2003 natu-

109 2037 225 2079 rales
257 2045 398 2078 autem
421 2049 471 2076 ac
492 2037 749 2076 necessarias
781 2049 951 2076 caussas
986 2049 1214 2092 numquam
1249 2050 1321 2078 ac-

109 2121 339 2155 cesserunt.
400 2109 493 2165 Qui
525 2124 621 2153 vero
647 2119 792 2167 postea
816 2110 1034 2163 fucrant,
1079 2121 1118 2152 et
1152 2112 1324 2167 Physica·

107 2188 184 2240 (i.
209 2199 246 2228 e.
277 2185 445 2239 Ionici)
477 2184 583 2228 dicti
617 2194 742 2237 sunt,
786 2199 814 2227 a
842 2186 1137 2241 pulcherrimo
1172 2188 1247 2229 illo
1283 2195 1325 2229 cc

95 2262 255 2304 'divino
298 2273 545 2302 caussarum
584 2263 800 2317 principio
841 2262 1142 2305 aberrarunt:
1183 2265 1326 2305 omnia

115 2336 359 2391 corporibus
403 2350 622 2393 eorumque
655 2337 972 2391 affectionibus,
1016 2337 1324 2390 collisionibus,

115 2409 445 2463 mutationibus,
469 2414 738 2455 mixtionibus
759 2413 1017 2456 tribuerunt.
1064 2413 1160 2468 Quo
1174 2413 1254 2467 fit‚
1275 2420 1326 2454 ut

117 2496 392 2542 utrorumque
417 2489 530 2531 ratio
554 2490 807 2544 imperfecta
843 2490 925 2530 sit:
955 2503 1080 2548 quum
1106 2489 1152 2532 fn·
1180 2488 1327 2545 (Phy-

172 2562 268 2606 Vol.
301 2564 360 2606 Π.
815 2563 890 2607 Kk
1270 2563 1330 2605 si·
