1693 3110
389 177 496 224 DE
568 173 1012 219 UNITATE
1081 175 1251 220 DEI.
1355 184 1445 231 42⁷

223 304 286 351 At
333 313 433 344 vero
473 301 541 343 hic
591 297 766 343 omnino
801 311 825 340 a
867 310 962 341 vera
987 298 1146 340 ratione
1178 299 1339 342 aberrat
1369 300 1449 354 Jo-

223 383 412 436 sephus‚
449 393 577 434 quum
603 380 686 420 hoc
723 379 773 419 de
807 377 978 434 Judaeis
1019 388 1057 419 et
1082 377 1198 420 Lacu
1224 380 1448 431 Asphalti-

219 458 274 501 de
315 456 496 510 accipite
538 454 699 507 Solymi
751 454 901 505 populi
947 462 987 492 et
1026 464 1188 497 montes
1226 455 1270 495 in
1304 453 1443 506 Lycia

222 534 318 580 noti
359 542 459 577 sunt
504 532 616 586 apud
663 530 911 572 Historicos
956 540 996 571 et
1033 541 1205 582 poetas:
1255 532 1298 571 hi
1333 532 1445 574 ultra

227 624 432 656 oceanum
470 609 736 663 ponebantur
767 605 820 650 ab
846 605 1058 657 Homero,
1089 609 1214 659 cujus
1241 607 1295 646 rei
1322 617 1445 647 caus-

223 700 294 732 sas
332 688 512 741 explicat
546 687 699 729 Strabo
727 689 761 731 1.
802 699 843 739 p.
871 696 941 739 39.
978 695 1102 737 quem
1145 687 1181 726 si
1209 683 1307 737 quis
1332 696 1448 726 com-

222 776 339 821 paret
374 779 469 807 cum
508 765 573 806 liis
618 764 848 814 versibus,
891 761 1059 803 minime
1096 760 1288 813 profecto
1325 761 1450 803 dubi-

215 850 308 893 tet,
342 842 589 886 Choerilum
628 843 677 882 de
716 839 905 893 Solymis
945 838 1096 891 Lyciis
1131 838 1320 888 dixisse,
1364 849 1438 879 eo·

217 931 401 970 rumque
437 919 566 960 situm
592 918 642 958 ad
680 917 914 969 exemplum
956 915 1129 958 Homeri
1160 914 1441 969 significasse.

218 993 378 1035 Verum
407 1007 493 1036 non
519 1005 582 1036 est
608 995 725 1046 quod
748 995 798 1036 de
831 994 911 1035 hoc
938 995 1036 1035 loco
1066 994 1188 1046 plura
1220 994 1442 1044 dicamus,

218 1082 322 1126 post
354 1073 471 1113 viros
510 1071 731 1124 egregios,
775 1071 1034 1122 Scaligerum
1079 1081 1120 1111 et
1156 1070 1442 1123 Bochartum,

221 1147 297 1199 qui
329 1146 378 1187 ab
403 1145 579 1200 Josephi
611 1146 770 1187 editore
801 1145 845 1186 in
877 1145 994 1186 Nota
1024 1145 1263 1186 laudantur.

273 1220 411 1273 Pergit
429 1221 646 1275 josephus
673 1224 723 1262 acl
760 1222 867 1263 alios
894 1222 1132 1272 Auctores,
1165 1221 1323 1273 quibus
1354 1220 1440 1264 effi·

213 1295 299 1341 ciat
316 1327 330 1348 ‚
351 1296 535 1350 Judaeos
562 1297 675 1350 apud
695 1296 798 1339 alias
824 1307 968 1351 gentes
995 1310 1082 1339 non
1108 1306 1269 1339 tantum
1293 1297 1444 1350 cogni·

214 1381 286 1415 tos
311 1370 475 1422 fuisse,
507 1373 580 1413 sed
617 1384 791 1425 quoque
816 1373 1043 1423 sapientiae
1072 1371 1237 1413 laudem
1264 1372 1439 1413 habuis·

220 1462 280 1493 se.
339 1451 476 1505 Igitur
511 1451 719 1493 excitatur
758 1452 1025 1494 Aristoteles.
1089 1452 1306 1505 Magnus,
1340 1462 1442 1503 pro-

213 1524 362 1576 fecto,
383 1525 560 1567 auctor!
617 1529 717 1581 Quo
746 1526 886 1577 libro,
921 1538 1009 1577 quo
1033 1525 1162 1567 loco?
1224 1525 1442 1568 Nimirum

216 1612 240 1641 a
278 1599 488 1641 Clearcho
529 1599 747 1640 inducitur
780 1599 823 1640 in
860 1599 1075 1652 Dialogo‚
1120 1611 1356 1641 memorans
1389 1603 1442 1644 de

214 1676 372 1732 Judaeo
396 1675 577 1728 quodam
617 1675 803 1727 sapiente
829 1686 868 1716 et
891 1676 940 1717 de
962 1677 1050 1731 ejus
1075 1688 1196 1730 gente
1218 1689 1264 1719 ac
1288 1677 1438 1729 patria.

214 1752 446 1795 Enimvero
474 1761 514 1793 et
539 1750 709 1794 minime
734 1751 962 1794 verisimile
987 1763 1050 1794 est
1086 1753 1199 1794 hunc
1235 1752 1378 1794 locum
1416 1764 1440 1797 a

213 1827 423 1870 Clearcho
451 1838 541 1869 esse
556 1857 570 1878 ‚
603 1837 649 1867 ut
671 1828 794 1869 docte
818 1827 1003 1869 ostendit
1023 1827 1088 1870 vir
1110 1828 1302 1882 egregius
1319 1859 1333 1880 ‚
1356 1828 1428 1882 jo,

207 1902 386 1959 Jonsius
420 1903 471 1944 de
510 1900 806 1955 Scriptoribus
845 1902 962 1945 Hist.
995 1904 1106 1946 Pha.
1132 1901 1181 1955 Ι,
1218 1907 1284 1947 ιδ.
1330 1914 1370 1945 et
1400 1905 1439 1946 si

212 1979 282 2020 vel
310 1978 487 2019 maxime
513 1988 736 2031 germanus
759 1986 901 2029 esset,
923 1987 1050 2030 atque
1072 1991 1094 2019 a
1118 1977 1356 2031 clearcho,
1382 1992 1443 2022 te-

215 2065 327 2096 mere
356 2054 453 2106 quis
477 2055 583 2095 hanc
606 2053 863 2108 Judaeorum
890 2055 1142 2097 mentionem
1171 2056 1258 2109 ipsi
1282 2058 1441 2102 tribuat

216 2132 470 2185 Aristotelig,
503 2132 665 2187 quippe
692 2133 767 2185 qui
791 2144 866 2186 per
893 2132 1172 2188 Dialogorum
1199 2148 1352 2178 morem
1379 2138 1443 2179 in-

217 2208 388 2249 ducitur
423 2219 468 2250 ea
506 2209 682 2262 dicens,
715 2221 819 2262 quae
851 2209 1060 2254 Clearcho
1094 2210 1270 2266 fingenti
1296 2213 1444 2256 viden·

218 2292 319 2335 tur,
349 2296 437 2327 non
460 2297 566 2338 quae
595 2287 684 2340 ipse
707 2298 802 2329 vere
825 2286 948 2329 dixit.
1009 2288 1130 2331 Hanc
1160 2298 1298 2333 tamen
1317 2291 1440 2346 jose·

220 2359 297 2412 phi
322 2361 615 2412 auctoritatem
654 2362 796 2405 Patres
830 2363 1155 2419 Ecclesiastici‚
1192 2377 1237 2409 ut
1262 2370 1435 2420 solent,

223 2446 468 2489 sequuntur
488 2468 504 2491 ‚
537 2449 664 2492 atque
692 2441 847 2494 passim
868 2441 1060 2495 jactant,
1088 2442 1344 2497 Judaeorum
1372 2457 1440 2485 sa·

219 2512 425 2570 pientiam
448 2515 500 2559 ab
522 2515 618 2573 ipso
643 2518 873 2564 Aristotele
895 2520 1143 2566 celebratam
1187 2533 1293 2565 esse.
1355 2521 1438 2565 Sed

1387 2611 1440 2647 ex
