1693 3110
152 314 244 361 sect.
267 330 322 368 vl,

105 371 323 407 Aristotetes.

342 195 428 242 602
632 191 1243 242 DISPUTA'l'IO

344 330 429 361 non
452 327 498 359 ut
520 317 659 359 Vobis
683 330 877 372 reponam
901 318 1010 360 dicta
1036 319 1193 361 dudum
1218 318 1268 360 ab
1289 318 1381 363 aliis
1398 332 1446 363 ac
1465 333 1562 375 per.

342 396 542 446 vulgata,
589 395 665 436 sed
716 402 762 436 ut
795 407 876 435 rem
915 394 965 436 ab
1003 395 1110 448 ipsis
1137 395 1357 448 principiis
1393 409 1439 439 ac
1472 398 1558 440 Ve-

341 479 474 510 terum
513 468 706 510 fontibus
746 479 943 522 repetam.
1002 472 1060 513 Et
1101 483 1254 524 spero,
1286 483 1350 514 me
1381 472 1458 515 hac
1489 486 1552 515 ra·

341 545 456 586 tione
481 542 642 597 aliquid
665 544 888 588 allaturum
903 575 919 598 ‚
938 546 1054 598 quod
1080 545 1243 589 Vestris
1261 548 1436 602 iudiciis
1453 561 1553 603 pro·

337 619 444 663 bern.

393 696 514 750 Ergo
549 695 817 738 Aristotelem
844 696 894 738 de
919 696 1233 739 Immortalitate
1258 711 1352 741 cum
1380 699 1553 742 Platone

336 773 572 814 consentire
594 773 887 824 contendunt,
909 772 1127 816 Hierocles
1153 774 1203 815 de
1226 773 1396 817 Provid.
1418 785 1457 816 et
1477 774 1556 816 Fa·

334 860 408 903 to,
440 850 550 902 apud
572 850 768 893 Photium
796 849 1002 893 Biblioth.
1040 852 1151 894 Cod.
1180 850 1396 894 CCXIV:
1433 851 1552 894 Ano-

334 913 491 979 ny'mus
515 927 564 968 de
586 922 686 969 vita
705 927 935 982 Pythagor.
963 928 1078 970 sect.
1105 927 1223 972 XIV.
1249 927 1364 969 Edit.
1394 928 1550 970 Kuste.

333 1003 395 1044 rix
428 1002 625 1044 disertius
651 1002 773 1044 etiam
792 1034 808 1055 ‚
834 1016 912 1046 nec
934 1004 1074 1045 verbis
1101 1014 1261 1046 tantum
1278 1034 1293 1055 ‚
1325 1005 1399 1047 sed
1424 1004 1551 1046 ratio.-

331 1079 487 1131 nibus‚
520 1079 766 1133 Simplicius
808 1082 858 1121 ad
885 1082 1106 1123 Aristotel.
1137 1082 1189 1122 de
1219 1082 1364 1124 Anim.
1396 1079 1550 1124 L.111.

327 1169 374 1211 p.
411 1158 481 1206 69.
553 1155 652 1196 Fuit
685 1155 768 1197 hoc
804 1150 1184 1197 Alexandrinorum
1222 1156 1551 1208 plerorumque,

332 1230 406 1281 qui
434 1230 555 1271 etiam
590 1229 782 1272 Iuniores
806 1230 1012 1272 Platonici
1039 1231 1307 1273 etEclectici
1335 1231 1547 1283 appellan-

320 1306 426 1357 tur,
451 1305 634 1345 studium
651 1333 666 1357 ,
689 1314 736 1347 ut
756 1306 1027 1347 Aristotelem
1056 1319 1151 1348 cum
1179 1308 1352 1348 Platone
1377 1307 1420 1348 in
1445 1318 1548 1348 con·

321 1384 507 1424 'cordiam
544 1382 790 1434 redigerent.
858 1381 951 1424 Nee
986 1393 1122 1438 tamen
1157 1394 1304 1424 omnes
1342 1383 1423 1423 hoc
1451 1393 1547 1434 ege-

315 1455 451 1505 'runtz
485 1462 646 1514 quippe
684 1460 881 1503 Protinus
914 1475 960 1504 ac
999 1463 1262 1516 Porphyrius
1300 1462 1545 1504 Aristotelis

327 1536 602 1589 opinionem,
644 1538 693 1578 de
731 1537 906 1579 Animae
941 1538 1178 1581 substantia
1214 1538 1255 1580 in
1293 1538 1541 1580 Entelechia

325 1614 500 1666 posita,
540 1612 922 1665 reprehenderunt,
966 1613 1078 1666 apud
1118 1612 1353 1655 Eusebium
1394 1612 1541 1665 Praep.

316 1689 490 1744 Evang.
524 1689 620 1734 XV.
668 1701 747 1742 10,
795 1701 869 1733 11:
912 1688 1169 1731 Iamblichus
1199 1689 1331 1741 item,
1375 1688 1456 1730 alia
1491 1688 1544 1730 de

320 1765 503 1818 caussa,
551 1767 661 1819 apud
701 1765 927 1808 Stobaeum
961 1765 1113 1818 Eclog.
1144 1765 1276 1818 Phys.
1301 1764 1336 1807 Ι.
1368 1776 1411 1818 p.
1445 1776 1541 1817 107·

319 1845 403 1887 Pro
442 1845 756 1886 Immortalitate
791 1855 962 1896 quoque
987 1842 1121 1885 facere
1158 1842 1324 1885 videtur
1348 1841 1541 1894 Scriptor

321 1925 371 1965 de
400 1923 569 1964 Placitis
608 1922 717 1968 Phil,
748 1922 803 1965 V.
840 1933 923 1975 25,
964 1923 1038 1974 qui
1072 1923 1215 1975 prodit
1249 1921 1355 1962 hanc
1376 1920 1542 1962 Aristo·

322 2001 417 2042 telis
456 2000 727 2053 opinionem:
777 2028 804 2051 ‚,
827 1998 1010 2041 Mortem
1043 2000 1247 2052 pertinere
1269 1998 1317 2038 ad
1337 1997 1538 2048 Corpus,

318 2088 406 2117 non
437 2076 487 2117 ad
513 2076 737 2129 Animam3
770 2088 862 2117 nam
890 2076 1066 2118 Animae
1090 2076 1252 2116 nullum
1281 2085 1374 2116 esse
1397 2073 1538 2114 interi-

317 2149 460 2193 tum.”
525 2152 699 2193 sedhic
738 2152 861 2193 locus
900 2151 1114 2193 omittitur
1144 2150 1255 2202 apud
1287 2149 1537 2201 compilato-

317 2241 400 2270 rem
427 2228 611 2283 cjusdem
642 2227 814 2281 operiS,
847 2230 923 2280 qui
946 2227 1056 2270 falso
1084 2225 1234 2268 Galcni
1261 2226 1430 2267 nomine
1453 2223 1537 2266 fer-

317 2315 412 2357 tur3
450 2315 494 2346 ut
531 2304 639 2347 hanc
662 2304 848 2346 dubitem
888 2304 1077 2346 assentiri
1099 2302 1317 2355 comino,
1348 2311 1537 2344 statuen-

321 2381 383 2432 ti,
417 2391 510 2421 eum
535 2392 683 2427 temere
709 2381 753 2424 in
772 2379 1191 2425 Pseudo-Plutarchi
1211 2388 1452 2422 contextum
1478 2378 1533 2419 ir-

310 2443 513 2512 repsisse.

309 2575 311 2577 .
380 2532 573 2581 Medium
595 2534 802 2589 quoddam
823 2542 959 2582 tenere
980 2533 1118 2578 voluit
1134 2533 1327 2577 Pseudo·
1341 2510 1536 2586 Origines

1487 2621 1536 2658 m
