1693 3110
215 204 299 259 316
584 201 1038 246 MEMORIA

211 325 394 368 tinitatis
420 334 461 367 et
496 326 636 367 cultor
657 326 884 376 assiduus,
914 334 955 367 et
975 327 1102 380 judex
1123 326 1422 380 intelligentior

213 412 339 452 quam
370 399 420 441 ab
448 400 539 453 ejus
572 409 701 443 aetate
722 410 765 442 et
788 399 903 442 brevi
930 402 1167 444 studiorum
1194 403 1331 456 spatio
1353 417 1420 447 ex-

208 473 388 527 spectari
413 483 592 527 poterat.

268 548 456 591 Omnino
502 549 661 602 scripta
705 562 793 592 nica
827 550 968 594 omnia
1025 552 1142 594 valde
1176 554 1422 607 expetebat,

214 623 428 676 frequenti
445 625 697 678 cognitione
722 635 762 668 et
788 638 869 668 usu
890 627 1047 670 terebat
1066 658 1081 680 ,
1111 638 1151 670 et
1174 629 1210 670 si
1232 629 1336 682 quid
1357 643 1427 672 eo-

213 712 306 742 rum
344 700 581 753 ignoraret,
612 713 675 743 me
713 702 1021 756 interrogabat3
1057 704 1146 744 sive
1181 716 1319 745 amore
1355 705 1428 746 ille

215 779 322 831 mei,
353 778 442 821 sive
465 779 657 833 J‘udicio‚
689 792 735 822 ea
775 780 858 821 sibi
891 781 940 821 ad
977 781 1237 834 propositam
1264 783 1432 823 studio.

212 865 307 896 rum
337 853 541 896 rationem
581 854 819 896 conducere
849 864 994 905 ratus;
1024 856 1151 896 semel
1195 864 1330 897 autern
1355 867 1429 896 co«

216 929 332 983 gnita
354 929 414 970 sic
439 929 604 972 tenebat
620 960 635 982 ,
662 930 784 982 quasi
809 930 850 970 in
874 930 924 971 iis
949 929 1175 973 habitaret:
1196 932 1296 982 quid
1321 944 1430 984 quo·

217 1017 299 1057 que
319 1005 418 1046 loco
440 1004 640 1047 dixissem
655 1034 670 1056 ,
696 1004 878 1045 subinde
898 1005 1050 1046 melius
1076 1015 1195 1047 norat
1216 1017 1337 1058 quam
1363 1006 1431 1058 ip·

218 1095 264 1125 se
298 1094 402 1137 ego,
446 1094 595 1137 meque
629 1082 890 1124 dubitantem
921 1092 991 1124 aut
1024 1082 1312 1136 ignorantem,
1342 1093 1429 1126 cer-

212 1160 361 1203 tiorem
385 1159 585 1202 faciebat.

271 1236 373 1279 Fuit
411 1249 547 1290 nuper
592 1236 784 1280 simiolus
832 1236 1088 1279 literatorem
1123 1246 1249 1289 agens
1284 1246 1434 1287 meque

223 1313 435 1357 conviciis
469 1314 700 1356 incessens.
763 1312 905 1367 HuJ'us
939 1311 1188 1354 obscoenam
1215 1311 1437 1364 gesticula-

218 1392 377 1434 tionem
404 1400 442 1431 et
466 1390 693 1432 absurdum
719 1389 940 1432 clamorem
963 1387 1055 1430 Vos
1083 1399 1243 1429 mecum
1274 1387 1432 1428 rideba-

222 1465 305 1508 tis:
338 1464 656 1506 KVassenaerius
684 1463 806 1504 etiam
845 1461 1053 1504 materiam
1087 1461 1170 1502 sibi
1205 1472 1297 1502 eum
1333 1458 1437 1501 fecit

221 1542 408 1585 exercitii
439 1540 726 1596 grammatici,
755 1540 846 1594 eJus
881 1536 994 1579 furta
1029 1546 1068 1578 et
1105 1535 1312 1579 sermonis
1335 1535 1439 1577 vitia

222 1630 395 1662 notans.
457 1618 577 1660 Adeo
615 1616 829 1671 pessimos
864 1614 1041 1668 quosvis
1078 1611 1209 1654 libros
1245 1611 1288 1653 in
1312 1622 1438 1652 suum

221 1707 346 1739 usum
371 1704 610 1738 convertere
637 1704 774 1737 norat.

281 1769 419 1812 Venio
444 1770 494 1811 ad
524 1769 772 1812 novissima.
830 1766 1032 1810 Proximo
1057 1776 1199 1807 mense
1223 1763 1342 1817 Maio
1369 1762 1440 1804 ha-

227 1846 315 1888 bita
339 1855 402 1886 est
435 1843 575 1886 auctio
603 1844 807 1886 librorum
844 1843 982 1897 magni
1005 1841 1298 1894 Valckenarii,
1333 1855 1439 1893 quo·-

223 1936 315 1964 rum
343 1922 386 1963 in
420 1920 679 1974 marginibus
716 1922 966 1972 plerumque
998 1928 1111 1961 erant
1146 1918 1438 1960 annotationes

227 1999 360 2052 huJus
393 2008 517 2038 manu
552 1995 763 2048 scriptae,
794 1995 868 2036 sed
901 1994 1036 2036 variae
1070 2006 1242 2036 numero
1282 2006 1329 2035 ac
1354 2006 1441 2035 mo-

225 2082 399 2124 mento,
431 2071 584 2112 multae
607 2071 672 2112 vel
697 2083 880 2123 paucae,
905 2082 1022 2112 verae
1040 2071 1105 2111 vel
1131 2069 1284 2121 falsae,
1312 2079 1447 2121 prou-

228 2151 261 2193 ti
295 2158 366 2190 aut
401 2148 545 2189 subito
577 2158 648 2188 aut
681 2148 868 2201 cogitate
892 2156 1060 2189 notatae
1091 2154 1247 2189 essent.
1307 2143 1442 2199 Igitur

230 2235 366 2267 emtor
387 2235 439 2265 ne
460 2223 749 2276 deciperetur,
771 2225 822 2265 ad
842 2222 1171 2276 pervolutandos
1190 2222 1321 2263 libros
1345 2233 1441 2263 cum

230 2301 392 2356 iudicio
416 2309 455 2341 et
479 2298 654 2341 scientia
677 2298 796 2340 etiam
833 2308 1000 2352 tempus
1022 2306 1061 2339 et
1084 2297 1263 2338 laborem
1288 2295 1448 2337 adferre

234 2376 425 2420 debebat.
451 2374 546 2417 I-Ioc
567 2373 669 2416 fecit
688 2374 1001 2416 Wassenaerius
1015 2385 1110 2415 cum
1127 2373 1320 2414 Vestrum
1338 2382 1446 2413 non-

233 2452 365 2496 nullis
381 2482 396 2503 ,
417 2450 487 2502 qui
513 2451 594 2504 jam
611 2451 772 2493 sciretis
800 2452 901 2505 quid
923 2450 1123 2492 distarent
1141 2461 1229 2490 aera
1252 2447 1444 2500 lupini83

241 2527 432 2582 mihique
468 2526 617 2573 utilem
648 2526 871 2589 indagandi
905 2537 1070 2582 operam
1096 2522 1385 2581 praestitistis.

1370 2594 1449 2640 Per
