1693 3110
266 196 345 240 ,32
528 229 544 238 ,.
633 187 754 234 DE
831 177 1174 232 OBITU

297 317 349 362 da
364 350 378 371 ‚
410 325 547 359 earum
572 311 713 355 studia
736 308 1051 362 frequentavit3
1080 308 1251 361 itaque,
1275 318 1316 352 et
1338 310 1388 353 de
1405 306 1521 364 ipsis

299 389 455 433 Literis
480 418 495 439 ,
549 395 590 428 et
636 387 687 427 de
735 385 959 428 Academia
1005 385 1168 438 egregie
1214 385 1387 427 meritus
1434 396 1519 432 esta

298 463 523 520 Quidquid
557 464 594 504 ei
626 462 677 504 ab
714 463 789 504 ilio
813 461 934 515 quasi
959 462 1096 504 alieno
1125 461 1296 513 negotio
1328 474 1522 515 superes·

299 548 364 582 set
396 540 501 590 otii,
533 538 614 580 hoc
640 537 730 579 suis
754 538 846 590 ipse
871 537 1016 580 Musis
1042 535 1279 579 tribuebat:
1313 537 1524 590 maxime,

299 615 560 657 carminibus
613 614 842 668 pangendis
859 638 874 666 ‚-
928 613 979 655 de
1023 618 1205 665 quorum
1250 614 1373 656 laude
1412 614 1524 658 inter

301 704 448 733 omnes
479 701 648 732 constat
665 705 678 732 t
714 691 785 732 sed
806 699 847 732 et
873 688 1157 731 severioribus
1183 696 1223 730 et
1247 689 1408 731 criticis
1431 699 1522 732 stu·

301 767 403 811 diis.
466 765 566 823 Quo
588 768 631 809 in
655 779 801 821 genere
827 776 963 809 exstat
983 765 1193 819 Propertii
1217 766 1369 817 editio,
1397 777 1524 820 quam

302 857 327 887 a
359 843 409 887 P.
445 844 688 885 Burmanno
712 840 910 885 Secundo
934 843 1169 885 institutam
1186 874 1201 895 ,
1233 843 1410 897 ejusque
1434 844 1526 886 obi-

303 931 351 962 tu
380 919 689 970 intermissam,
722 920 815 972 ipse
843 919 1035 972 suscepit
1052 932 1098 962 ac
1120 919 1311 973 persecit.
1371 922 1525 964 Exstat

299 996 461 1040 Catulli
496 996 642 1049 Elegia
686 996 738 1038 ad
785 994 1032 1047 Manlium,
1071 995 1119 1048 in¹
1154 1007 1288 1037 novae
1324 996 1525 1040 editionis

303 1073 518 1126 specimen
544 1073 769 1122 adornata,
802 1080 1027 1112 memorata
1046 1049 1173 1112 nob-is
1205 1070 1423 1123 superiore
1445 1071 1525 1112 hu.

299 1149 373 1202 ins
407 1146 651 1188 Voluminis
688 1145 775 1198 ΠΙ,
807 1145 935 1187 Parte
964 1144 1032 1196 II,-
1065 1157 1106 1197 p.
1136 1146 1233 1186 128.
1296 1144 1404 1187 Sunt
1434 1145 1529 1198 eJ'us

301 1222 445 1267 Notae
485 1224 757 1266 Prosodiacae
788 1222 832 1264 in
865 1221 1028 1263 Mureti
1057 1221 1284 1273 Carmina,
1327 1221 1530 1263 editionis

305 1298 639 1343 Ruhnkenianae
655 1331 669 1352 ,
693 1299 825 1342 Tomi
840 1298 901 1340 IV
916 1330 930 1351 9
948 1312 992 1351 p.
1014 1310 1065 1351 30
1090 1295 1380 1350 praefationis.
1417 1296 1529 1339 Sunt

310 1374 715 1418 Animadversioues
740 1374 784 1416 in
811 1372 1062 1427 Hieronymi
1087 1372 1206 1413 Balbi
1231 1371 1458 1425 Carmina,
1484 1372 1531 1415 in

304 1455 494 1497 editione
529 1467 705 1508 operum
744 1454 906 1507 hujus,
938 1465 1062 1504 quam
1099 1452 1379 1494 Vindobonae
1414 1465 1533 1494 cura-

274 1533 372 1576 ·vit
394 1546 433 1574 a.
461 1544 599 1587 1792,
625 1531 842 1586 Josephns
865 1531 915 1572 d‘e
940 1527 1125 1581 Retzer,
1154 1529 1205 1570 ad
1231 1542 1355 1581 quem
1382 1528 1534 1571 Ruhn-

310 1609 463 1652 kenius
495 1608 717 1661 epistolam
747 1607 920 1661 scripsit
944 1607 988 1648 in
1020 1607 1163 1648 eodem
1203 1606 1320 1649 libro
1352 1607 1538 1661 editam,-

308 1685 431 1726 iaude
463 1683 650 1725 Santenii
676 1683 911 1737 insignem:
945 1693 1068 1733 quam
1093 1693 1188 1722 cum
1214 1680 1298 1723 illis
1329 1681 1533 1724 Animad-

313 1759 587 1802 versionibus
625 1759 766 1800 denuo
808 1758 937 1800 edidit
975 1757 1293 1800 eruditissimus
1337 1760 1432 1810 vir,
1476 1758 1534 1802 C.

316 1837 378 1879 D.
413 1835 624 1886 Beckius,
665 1835 707 1877 in
757 1833 1083 1877 Commentariis
1129 1833 1352 1875 Societatis
1391 1835 1542 1876 Philo-

314 1912 481 1966 Iogicae
516 1911 790 1964 Lipsiensis,
832 1909 1065 1953 Volumine
1087 1910 1160 1962 II,
1202 1924 1248 1963 p.
1276 1922 1371 1963 145.
1430 1913 1541 1954 Sunt

319 1990 415 2031 alia.
478 1987 680 2029 Exstabit
717 1988 868 2039 etiam,
900 1998 949 2030 ut
985 1999 1228 2040 speramus,
1261 1987 1542 2031 Terentianus

322 2063 506 2105 Maurus
523 2092 539 2114 ,
571 2074 694 2115 quem
719 2062 1008 2104 eruditissimo
1028 2061 1330 2105 commentario
1353 2063 1540 2105 illustra·

322 2151 366 2180 re
390 2138 638 2192 ingressus,
662 2139 833 2193 jamque
855 2139 906 2181 ad
928 2138 1109 2181 medium
1133 2151 1244 2192 opus
1267 2150 1540 2193 progressus,

325 2216 509 2258 moriens
537 2216 666 2258 docto
692 2216 830 2260 amico
852 2218 1151 2260 absolvendum
1178 2218 1364 2271 reliquit.
1424 2217 1538 2261 Nam

327 2292 442 2345 quod
467 2303 561 2332 eum
596 2304 867 2346 rogaveram,
897 2304 938 2335 et
974 2293 1286 2346 Ruhnkenius,
1319 2302 1364 2336 ut
1388 2294 1439 2336 ad
1463 2293 1545 2335 cri-2

325 2364 435 2406 ticae
471 2376 511 2406 et
545 2364 634 2407 stili
660 2369 994 2410 exercitationem
1021 2369 1154 2419 utile,
1186 2370 1223 2411 ei
1249 2379 1462 2419 suaserat,
1495 2377 1544 2409 ut

328 2442 495 2485 socium
527 2455 571 2485 se
608 2444 708 2486 mihi
746 2445 1033 2489 Bibliothecae
1057 2448 1187 2503 hujus
1212 2447 1452 2489 scribendae
1473 2447 1549 2489 ad-

323 2520 545 2575 jungeretg,
593 2521 683 2576 ejus
733 2523 906 2567 collatio
949 2524 1056 2567 intra
1095 2536 1219 2569 unam
1256 2522 1547 2565 Tibullianam

1456 2607 1552 2641 cen-
