<?xml version="1.0" encoding="UTF-8"?>
<!DOCTYPE html PUBLIC "-//W3C//DTD XHTML 1.0 Transitional//EN"
    "http://www.w3.org/TR/xhtml1/DTD/xhtml1-transitional.dtd">
<html xmlns="http://www.w3.org/1999/xhtml" xml:lang="en" lang="en">
 <head>
  <title>
</title>
<meta http-equiv="Content-Type" content="text/html;charset=utf-8" />
  <meta name='ocr-system' content='tesseract 3.04.00' />
  <meta name='ocr-capabilities' content='ocr_page ocr_carea ocr_par ocr_line ocrx_word'/>
</head>
<body>
  <div class='ocr_page' id='page_1' title='image "./opusculavariiarg02wytt/opusculavariiarg02wytt_0329.png"; bbox 0 0 1693 3110; ppageno 0'>
   <div class='ocr_carea' id='block_1_1' title="bbox 409 197 1376 258">
    <p class='ocr_par' dir='ltr' id='par_1_1' title="bbox 409 197 1376 258">
     <span class='ocr_line' id='line_1_1' title="bbox 409 197 1376 258; baseline 0.003 -13"><span class='ocrx_word' id='word_1_1' title='bbox 409 200 470 245; x_wconf 87' lang='lat' dir='ltr'>G.</span> <span class='ocrx_word' id='word_1_2' title='bbox 510 198 569 243; x_wconf 90' lang='lat' dir='ltr'>L.</span> <span class='ocrx_word' id='word_1_3' title='bbox 610 197 1131 247; x_wconf 79' lang='lat' dir='ltr'>WASSENAERII.</span> <span class='ocrx_word' id='word_1_4' title='bbox 1300 214 1376 258; x_wconf 71' lang='lat'>313</span> 
     </span>
    </p>
   </div>
   <div class='ocr_carea' id='block_1_2' title="bbox 168 318 1415 2595">
    <p class='ocr_par' dir='ltr' id='par_1_2' title="bbox 168 318 1405 1826">
     <span class='ocr_line' id='line_1_2' title="bbox 175 318 1387 377; baseline -0.008 -8"><span class='ocrx_word' id='word_1_5' title='bbox 175 326 336 377; x_wconf 56' lang='lat' dir='ltr'>ciaet,</span> <span class='ocrx_word' id='word_1_6' title='bbox 381 325 449 367; x_wconf 89' lang='lat' dir='ltr'>vel</span> <span class='ocrx_word' id='word_1_7' title='bbox 497 321 562 364; x_wconf 92' lang='lat' dir='ltr'>his</span> <span class='ocrx_word' id='word_1_8' title='bbox 601 319 706 363; x_wconf 85' lang='lat' dir='ltr'>solis</span> <span class='ocrx_word' id='word_1_9' title='bbox 744 318 948 372; x_wconf 82' lang='lat' dir='ltr'>insignem</span> <span class='ocrx_word' id='word_1_10' title='bbox 995 319 1230 373; x_wconf 78' lang='lat' dir='ltr'>diligentiae</span> <span class='ocrx_word' id='word_1_11' title='bbox 1263 321 1387 365; x_wconf 89' lang='lat' dir='ltr'>indu.</span> 
     </span>
     <span class='ocr_line' id='line_1_3' title="bbox 175 394 1388 454; baseline -0.004 -10"><span class='ocrx_word' id='word_1_12' title='bbox 175 402 384 454; x_wconf 82' lang='lat' dir='ltr'>striaeque</span> <span class='ocrx_word' id='word_1_13' title='bbox 414 399 572 441; x_wconf 90' lang='lat' dir='ltr'>laudem</span> <span class='ocrx_word' id='word_1_14' title='bbox 621 394 841 438; x_wconf 87' lang='lat' dir='ltr'>meruisset</span> <span class='ocrx_word' id='word_1_15' title='bbox 865 394 1197 440; x_wconf 54' lang='lat' dir='ltr'>NVassenaerius.</span> <span class='ocrx_word' id='word_1_16' title='bbox 1257 395 1388 439; x_wconf 81' lang='lat' dir='ltr'>Nune</span> 
     </span>
     <span class='ocr_line' id='line_1_4' title="bbox 173 472 1390 530; baseline -0.003 -11"><span class='ocrx_word' id='word_1_17' title='bbox 173 478 317 519; x_wconf 81' lang='lat' dir='ltr'>eodem</span> <span class='ocrx_word' id='word_1_18' title='bbox 344 485 534 530; x_wconf 89' lang='lat' dir='ltr'>tempore</span> <span class='ocrx_word' id='word_1_19' title='bbox 554 473 632 515; x_wconf 88' lang='lat' dir='ltr'>alia</span> <span class='ocrx_word' id='word_1_20' title='bbox 656 472 788 514; x_wconf 88' lang='lat' dir='ltr'>multa</span> <span class='ocrx_word' id='word_1_21' title='bbox 817 483 1048 526; x_wconf 84' lang='lat' dir='ltr'>magnaque</span> <span class='ocrx_word' id='word_1_22' title='bbox 1068 472 1269 515; x_wconf 86' lang='lat' dir='ltr'>confecit.</span> <span class='ocrx_word' id='word_1_23' title='bbox 1300 473 1390 515; x_wconf 91' lang='lat' dir='ltr'>Pri-</span> 
     </span>
     <span class='ocr_line' id='line_1_5' title="bbox 176 549 1387 607; baseline -0.002 -13"><span class='ocrx_word' id='word_1_24' title='bbox 176 563 293 594; x_wconf 88' lang='lat' dir='ltr'>mum</span> <span class='ocrx_word' id='word_1_25' title='bbox 324 549 688 607; x_wconf 89' lang='lat' dir='ltr'>Jurisprudentiae</span> <span class='ocrx_word' id='word_1_26' title='bbox 713 560 880 601; x_wconf 81' lang='lat' dir='ltr'>operam</span> <span class='ocrx_word' id='word_1_27' title='bbox 913 549 1053 591; x_wconf 80' lang='lat' dir='ltr'>dedit:</span> <span class='ocrx_word' id='word_1_28' title='bbox 1088 551 1262 603; x_wconf 85' lang='lat' dir='ltr'>ejusque</span> <span class='ocrx_word' id='word_1_29' title='bbox 1284 550 1387 592; x_wconf 90' lang='lat' dir='ltr'>Pro-</span> 
     </span>
     <span class='ocr_line' id='line_1_6' title="bbox 174 624 1389 681; baseline -0.002 -10"><span class='ocrx_word' id='word_1_30' title='bbox 174 628 358 672; x_wconf 87' lang='lat' dir='ltr'>fessores</span> <span class='ocrx_word' id='word_1_31' title='bbox 382 628 548 669; x_wconf 84' lang='lat' dir='ltr'>assidue</span> <span class='ocrx_word' id='word_1_32' title='bbox 567 624 754 677; x_wconf 86' lang='lat' dir='ltr'>audivit,</span> <span class='ocrx_word' id='word_1_33' title='bbox 779 624 1080 667; x_wconf 88' lang='lat' dir='ltr'>Institutiones</span> <span class='ocrx_word' id='word_1_34' title='bbox 1097 655 1112 677; x_wconf 85' lang='lat'>‚</span> <span class='ocrx_word' id='word_1_35' title='bbox 1130 624 1354 670; x_wconf 86' lang='lat' dir='ltr'>Pandectas</span> <span class='ocrx_word' id='word_1_36' title='bbox 1370 657 1389 681; x_wconf 85' lang='lat'><em>‚</em></span> 
     </span>
     <span class='ocr_line' id='line_1_7' title="bbox 168 699 1388 763; baseline -0.001 -20"><span class='ocrx_word' id='word_1_37' title='bbox 168 701 249 763; x_wconf 87' lang='lat' dir='ltr'>Jus</span> <span class='ocrx_word' id='word_1_38' title='bbox 282 704 498 754; x_wconf 79' lang='lat' dir='ltr'><strong>Naturae,</strong></span> <span class='ocrx_word' id='word_1_39' title='bbox 539 709 804 744; x_wconf 86' lang='lat' dir='ltr'><strong>enarrantes:</strong></span> <span class='ocrx_word' id='word_1_40' title='bbox 849 712 983 753; x_wconf 86' lang='lat' dir='ltr'><strong>nuper</strong></span> <span class='ocrx_word' id='word_1_41' title='bbox 1017 700 1280 743; x_wconf 86' lang='lat' dir='ltr'>Candidatus</span> <span class='ocrx_word' id='word_1_42' title='bbox 1324 699 1388 742; x_wconf 86' lang='lat' dir='ltr'>fa-</span> 
     </span>
     <span class='ocr_line' id='line_1_8' title="bbox 174 777 1386 830; baseline 0.002 -10"><span class='ocrx_word' id='word_1_43' title='bbox 174 789 302 830; x_wconf 85' lang='lat' dir='ltr'>ctus,</span> <span class='ocrx_word' id='word_1_44' title='bbox 336 791 433 822; x_wconf 85' lang='lat' dir='ltr'>mox</span> <span class='ocrx_word' id='word_1_45' title='bbox 466 790 656 820; x_wconf 86' lang='lat' dir='ltr'>summos</span> <span class='ocrx_word' id='word_1_46' title='bbox 688 777 869 819; x_wconf 86' lang='lat' dir='ltr'>honores</span> <span class='ocrx_word' id='word_1_47' title='bbox 904 778 1132 830; x_wconf 85' lang='lat' dir='ltr'>adepturus</span> <span class='ocrx_word' id='word_1_48' title='bbox 1167 788 1271 820; x_wconf 82' lang='lat' dir='ltr'>erat.</span> <span class='ocrx_word' id='word_1_49' title='bbox 1337 777 1386 823; x_wconf 90' lang='lat' dir='ltr'>In</span> 
     </span>
     <span class='ocr_line' id='line_1_9' title="bbox 178 851 1388 907; baseline 0.001 -12"><span class='ocrx_word' id='word_1_50' title='bbox 178 853 350 899; x_wconf 78' lang='lat' dir='ltr'>aliarum</span> <span class='ocrx_word' id='word_1_51' title='bbox 392 865 564 905; x_wconf 86' lang='lat' dir='ltr'>quoque</span> <span class='ocrx_word' id='word_1_52' title='bbox 588 851 905 905; x_wconf 86' lang='lat' dir='ltr'>disciplinarum</span> <span class='ocrx_word' id='word_1_53' title='bbox 932 852 1101 895; x_wconf 90' lang='lat' dir='ltr'>scholas</span> <span class='ocrx_word' id='word_1_54' title='bbox 1135 854 1388 907; x_wconf 86' lang='lat' dir='ltr'>ventitavit,</span> 
     </span>
     <span class='ocr_line' id='line_1_10' title="bbox 175 926 1391 982; baseline 0.002 -11"><span class='ocrx_word' id='word_1_55' title='bbox 175 926 411 982; x_wconf 80' lang='lat' dir='ltr'>Physices‚</span> <span class='ocrx_word' id='word_1_56' title='bbox 444 928 692 979; x_wconf 85' lang='lat' dir='ltr'>Botanices‚</span> <span class='ocrx_word' id='word_1_57' title='bbox 727 927 940 969; x_wconf 82' lang='lat' dir='ltr'>Historiae</span> <span class='ocrx_word' id='word_1_58' title='bbox 972 927 1203 972; x_wconf 89' lang='lat' dir='ltr'>Naturalis.</span> <span class='ocrx_word' id='word_1_59' title='bbox 1262 930 1391 973; x_wconf 90' lang='lat' dir='ltr'>Dein-</span> 
     </span>
     <span class='ocr_line' id='line_1_11' title="bbox 175 1003 1388 1058; baseline 0.002 -12"><span class='ocrx_word' id='word_1_60' title='bbox 175 1004 227 1048; x_wconf 83' lang='lat' dir='ltr'>de</span> <span class='ocrx_word' id='word_1_61' title='bbox 259 1003 310 1046; x_wconf 90' lang='lat' dir='ltr'>ab</span> <span class='ocrx_word' id='word_1_62' title='bbox 346 1004 412 1046; x_wconf 88' lang='lat' dir='ltr'>his</span> <span class='ocrx_word' id='word_1_63' title='bbox 443 1005 662 1047; x_wconf 85' lang='lat' dir='ltr'>ordinariis</span> <span class='ocrx_word' id='word_1_64' title='bbox 707 1005 945 1047; x_wconf 87' lang='lat' dir='ltr'>studiorum</span> <span class='ocrx_word' id='word_1_65' title='bbox 985 1007 1163 1058; x_wconf 89' lang='lat' dir='ltr'>pensis,</span> <span class='ocrx_word' id='word_1_66' title='bbox 1208 1007 1388 1049; x_wconf 80' lang='lat' dir='ltr'>subinde</span> 
     </span>
     <span class='ocr_line' id='line_1_12' title="bbox 179 1083 1396 1138; baseline 0.002 -13"><span class='ocrx_word' id='word_1_67' title='bbox 179 1085 302 1137; x_wconf 88' lang='lat' dir='ltr'>quasi</span> <span class='ocrx_word' id='word_1_68' title='bbox 327 1084 649 1126; x_wconf 83' lang='lat' dir='ltr'>extraordinaria</span> <span class='ocrx_word' id='word_1_69' title='bbox 674 1083 932 1138; x_wconf 86' lang='lat' dir='ltr'>digressione</span> <span class='ocrx_word' id='word_1_70' title='bbox 955 1083 1092 1136; x_wconf 84' lang='lat' dir='ltr'>facta,</span> <span class='ocrx_word' id='word_1_71' title='bbox 1124 1086 1294 1127; x_wconf 89' lang='lat' dir='ltr'>aliarum</span> <span class='ocrx_word' id='word_1_72' title='bbox 1320 1099 1396 1129; x_wconf 85' lang='lat' dir='ltr'>co-</span> 
     </span>
     <span class='ocr_line' id='line_1_13' title="bbox 183 1158 1397 1219; baseline 0.003 -19"><span class='ocrx_word' id='word_1_73' title='bbox 183 1158 415 1219; x_wconf 81' lang='lat' dir='ltr'>gnitionem</span> <span class='ocrx_word' id='word_1_74' title='bbox 442 1159 725 1201; x_wconf 83' lang='lat' dir='ltr'>doctrinarum</span> <span class='ocrx_word' id='word_1_75' title='bbox 754 1159 956 1212; x_wconf 80' lang='lat' dir='ltr'>per-cepit.</span> <span class='ocrx_word' id='word_1_76' title='bbox 998 1159 1145 1213; x_wconf 86' lang='lat' dir='ltr'>Itaque</span> <span class='ocrx_word' id='word_1_77' title='bbox 1171 1162 1285 1213; x_wconf 87' lang='lat' dir='ltr'>quod</span> <span class='ocrx_word' id='word_1_78' title='bbox 1304 1160 1397 1205; x_wconf 88' lang='lat' dir='ltr'>Pla-</span> 
     </span>
     <span class='ocr_line' id='line_1_14' title="bbox 183 1233 1396 1292; baseline 0.004 -17"><span class='ocrx_word' id='word_1_79' title='bbox 183 1243 229 1276; x_wconf 87' lang='lat' dir='ltr'>to</span> <span class='ocrx_word' id='word_1_80' title='bbox 262 1233 561 1287; x_wconf 86' lang='lat' dir='ltr'>pronunciavit</span> <span class='ocrx_word' id='word_1_81' title='bbox 602 1234 769 1287; x_wconf 84' lang='lat' dir='ltr'>signum</span> <span class='ocrx_word' id='word_1_82' title='bbox 805 1246 898 1276; x_wconf 92' lang='lat' dir='ltr'>esse</span> <span class='ocrx_word' id='word_1_83' title='bbox 929 1233 1087 1288; x_wconf 83' lang='lat' dir='ltr'>ingenii</span> <span class='ocrx_word' id='word_1_84' title='bbox 1116 1236 1396 1292; x_wconf 83' lang='lat' dir='ltr'>philosophi,</span> 
     </span>
     <span class='ocr_line' id='line_1_15' title="bbox 187 1309 1400 1370; baseline 0.006 -19"><span class='ocrx_word' id='word_1_85' title='bbox 187 1311 389 1364; x_wconf 83' lang='lat' dir='ltr'>quodque</span> <span class='ocrx_word' id='word_1_86' title='bbox 411 1309 671 1355; x_wconf 85' lang='lat' dir='ltr'>Plutarchus</span> <span class='ocrx_word' id='word_1_87' title='bbox 699 1311 743 1353; x_wconf 90' lang='lat' dir='ltr'>in</span> <span class='ocrx_word' id='word_1_88' title='bbox 769 1311 1014 1356; x_wconf 86' lang='lat' dir='ltr'>Ciceronem</span> <span class='ocrx_word' id='word_1_89' title='bbox 1037 1315 1400 1370; x_wconf 85' lang='lat' dir='ltr'>accommodavit,</span> 
     </span>
     <span class='ocr_line' id='line_1_16' title="bbox 186 1386 1401 1449; baseline 0.003 -21"><span class='ocrx_word' id='word_1_90' title='bbox 186 1397 350 1428; x_wconf 87' lang='lat' dir='ltr'>omnem</span> <span class='ocrx_word' id='word_1_91' title='bbox 388 1386 654 1440; x_wconf 83' lang='lat' dir='ltr'>disciplinam</span> <span class='ocrx_word' id='word_1_92' title='bbox 691 1387 885 1442; x_wconf 85' lang='lat' dir='ltr'>diligere,</span> <span class='ocrx_word' id='word_1_93' title='bbox 926 1401 1002 1431; x_wconf 88' lang='lat' dir='ltr'>nec</span> <span class='ocrx_word' id='word_1_94' title='bbox 1038 1389 1173 1433; x_wconf 87' lang='lat' dir='ltr'>ullum</span> <span class='ocrx_word' id='word_1_95' title='bbox 1210 1393 1300 1446; x_wconf 86' lang='lat' dir='ltr'>ejus</span> <span class='ocrx_word' id='word_1_96' title='bbox 1331 1407 1401 1449; x_wconf 90' lang='lat' dir='ltr'>ge-</span> 
     </span>
     <span class='ocr_line' id='line_1_17' title="bbox 184 1465 1405 1521; baseline 0.003 -16"><span class='ocrx_word' id='word_1_97' title='bbox 184 1475 266 1506; x_wconf 87' lang='lat' dir='ltr'>nus</span> <span class='ocrx_word' id='word_1_98' title='bbox 299 1474 590 1517; x_wconf 86' lang='lat' dir='ltr'>contemnere,</span> <span class='ocrx_word' id='word_1_99' title='bbox 631 1465 713 1508; x_wconf 92' lang='lat' dir='ltr'>hoc</span> <span class='ocrx_word' id='word_1_100' title='bbox 753 1477 835 1509; x_wconf 89' lang='lat' dir='ltr'>suo</span> <span class='ocrx_word' id='word_1_101' title='bbox 867 1465 960 1519; x_wconf 88' lang='lat' dir='ltr'>ipse</span> <span class='ocrx_word' id='word_1_102' title='bbox 1001 1470 1195 1521; x_wconf 81' lang='lat' dir='ltr'>exemplo</span> <span class='ocrx_word' id='word_1_103' title='bbox 1228 1470 1405 1513; x_wconf 73' lang='lat' dir='ltr'>Wasse.</span> 
     </span>
     <span class='ocr_line' id='line_1_18' title="bbox 183 1539 1401 1598; baseline 0.007 -16"><span class='ocrx_word' id='word_1_104' title='bbox 183 1539 350 1585; x_wconf 71' lang='lat' dir='ltr'>nael-ius</span> <span class='ocrx_word' id='word_1_105' title='bbox 373 1540 691 1592; x_wconf 89' lang='lat' dir='ltr'>comprobavit.</span> <span class='ocrx_word' id='word_1_106' title='bbox 750 1541 799 1583; x_wconf 90' lang='lat' dir='ltr'>ln</span> <span class='ocrx_word' id='word_1_107' title='bbox 832 1554 920 1594; x_wconf 92' lang='lat' dir='ltr'>quo</span> <span class='ocrx_word' id='word_1_108' title='bbox 954 1544 1050 1585; x_wconf 90' lang='lat' dir='ltr'>talis</span> <span class='ocrx_word' id='word_1_109' title='bbox 1081 1544 1240 1598; x_wconf 85' lang='lat' dir='ltr'>ingenii</span> <span class='ocrx_word' id='word_1_110' title='bbox 1267 1547 1401 1590; x_wconf 88' lang='lat' dir='ltr'>docu-</span> 
     </span>
     <span class='ocr_line' id='line_1_19' title="bbox 184 1620 1403 1672; baseline 0.01 -16"><span class='ocrx_word' id='word_1_111' title='bbox 184 1625 324 1664; x_wconf 84' lang='lat' dir='ltr'>menta</span> <span class='ocrx_word' id='word_1_112' title='bbox 348 1628 477 1669; x_wconf 88' lang='lat' dir='ltr'>quum</span> <span class='ocrx_word' id='word_1_113' title='bbox 503 1625 664 1670; x_wconf 86' lang='lat' dir='ltr'>praeter</span> <span class='ocrx_word' id='word_1_114' title='bbox 689 1630 734 1659; x_wconf 88' lang='lat' dir='ltr'>ea</span> <span class='ocrx_word' id='word_1_115' title='bbox 751 1647 765 1669; x_wconf 88' lang='lat'>,</span> <span class='ocrx_word' id='word_1_116' title='bbox 797 1631 902 1671; x_wconf 87' lang='lat' dir='ltr'>quae</span> <span class='ocrx_word' id='word_1_117' title='bbox 924 1620 1044 1672; x_wconf 84' lang='lat' dir='ltr'>dixi,</span> <span class='ocrx_word' id='word_1_118' title='bbox 1075 1623 1206 1666; x_wconf 85' lang='lat' dir='ltr'>multa</span> <span class='ocrx_word' id='word_1_119' title='bbox 1231 1625 1403 1668; x_wconf 83' lang='lat' dir='ltr'>exstite-</span> 
     </span>
     <span class='ocr_line' id='line_1_20' title="bbox 183 1693 1403 1751; baseline 0.009 -17"><span class='ocrx_word' id='word_1_120' title='bbox 183 1693 300 1745; x_wconf 73' lang='lat' dir='ltr'>tint3</span> <span class='ocrx_word' id='word_1_121' title='bbox 333 1705 491 1747; x_wconf 88' lang='lat' dir='ltr'>pauca,</span> <span class='ocrx_word' id='word_1_122' title='bbox 523 1704 652 1745; x_wconf 87' lang='lat' dir='ltr'>eaque</span> <span class='ocrx_word' id='word_1_123' title='bbox 676 1705 772 1735; x_wconf 89' lang='lat' dir='ltr'>cum</span> <span class='ocrx_word' id='word_1_124' title='bbox 803 1696 893 1750; x_wconf 78' lang='lat' dir='ltr'>ejtis</span> <span class='ocrx_word' id='word_1_125' title='bbox 922 1708 1016 1751; x_wconf 86' lang='lat' dir='ltr'>erga</span> <span class='ocrx_word' id='word_1_126' title='bbox 1042 1710 1106 1740; x_wconf 88' lang='lat' dir='ltr'>me</span> <span class='ocrx_word' id='word_1_127' title='bbox 1128 1712 1267 1743; x_wconf 87' lang='lat' dir='ltr'>amore</span> <span class='ocrx_word' id='word_1_128' title='bbox 1299 1713 1403 1744; x_wconf 79' lang='lat' dir='ltr'>con·</span> 
     </span>
     <span class='ocr_line' id='line_1_21' title="bbox 179 1770 570 1826; baseline -0.003 -12"><span class='ocrx_word' id='word_1_129' title='bbox 179 1770 352 1826; x_wconf 72' lang='lat' dir='ltr'>iuncta,</span> <span class='ocrx_word' id='word_1_130' title='bbox 381 1770 570 1813; x_wconf 85' lang='lat' dir='ltr'>referam.</span> 
     </span>
    </p>

    <p class='ocr_par' dir='ltr' id='par_1_3' title="bbox 187 1847 1415 2595">
     <span class='ocr_line' id='line_1_22' title="bbox 242 1847 1407 1904; baseline 0.009 -16"><span class='ocrx_word' id='word_1_131' title='bbox 242 1847 298 1888; x_wconf 85' lang='lat' dir='ltr'>Et</span> <span class='ocrx_word' id='word_1_132' title='bbox 321 1856 476 1899; x_wconf 88' lang='lat' dir='ltr'>sponte</span> <span class='ocrx_word' id='word_1_133' title='bbox 500 1858 603 1899; x_wconf 84' lang='lat' dir='ltr'>sua,</span> <span class='ocrx_word' id='word_1_134' title='bbox 634 1857 674 1889; x_wconf 90' lang='lat' dir='ltr'>et</span> <span class='ocrx_word' id='word_1_135' title='bbox 694 1847 942 1891; x_wconf 82' lang='lat' dir='ltr'>Ciceronem</span> <span class='ocrx_word' id='word_1_136' title='bbox 975 1851 1117 1904; x_wconf 83' lang='lat' dir='ltr'>legens</span> <span class='ocrx_word' id='word_1_137' title='bbox 1150 1854 1407 1899; x_wconf 87' lang='lat' dir='ltr'>animadver-</span> 
     </span>
     <span class='ocr_line' id='line_1_23' title="bbox 187 1922 1408 1982; baseline 0.006 -16"><span class='ocrx_word' id='word_1_138' title='bbox 187 1932 319 1975; x_wconf 81' lang='lat' dir='ltr'>terat,</span> <span class='ocrx_word' id='word_1_139' title='bbox 350 1922 587 1965; x_wconf 87' lang='lat' dir='ltr'>Literarum</span> <span class='ocrx_word' id='word_1_140' title='bbox 619 1925 807 1966; x_wconf 88' lang='lat' dir='ltr'>studium</span> <span class='ocrx_word' id='word_1_141' title='bbox 833 1936 1026 1968; x_wconf 89' lang='lat' dir='ltr'>constare</span> <span class='ocrx_word' id='word_1_142' title='bbox 1049 1940 1136 1971; x_wconf 91' lang='lat' dir='ltr'>non</span> <span class='ocrx_word' id='word_1_143' title='bbox 1163 1942 1293 1982; x_wconf 88' lang='lat' dir='ltr'>posse</span> <span class='ocrx_word' id='word_1_144' title='bbox 1314 1943 1408 1973; x_wconf 75' lang='lat' dir='ltr'>stne</span> 
     </span>
     <span class='ocr_line' id='line_1_24' title="bbox 187 1999 1410 2061; baseline 0.007 -18"><span class='ocrx_word' id='word_1_145' title='bbox 187 1999 373 2054; x_wconf 86' lang='lat' dir='ltr'>Logicae</span> <span class='ocrx_word' id='word_1_146' title='bbox 405 2001 611 2053; x_wconf 82' lang='lat' dir='ltr'>scientia,</span> <span class='ocrx_word' id='word_1_147' title='bbox 655 2014 759 2054; x_wconf 89' lang='lat' dir='ltr'>quae</span> <span class='ocrx_word' id='word_1_148' title='bbox 792 2003 957 2048; x_wconf 86' lang='lat' dir='ltr'>doceret</span> <span class='ocrx_word' id='word_1_149' title='bbox 991 2005 1257 2061; x_wconf 84' lang='lat' dir='ltr'>definiendo,</span> <span class='ocrx_word' id='word_1_150' title='bbox 1300 2010 1410 2052; x_wconf 83' lang='lat' dir='ltr'>divi-</span> 
     </span>
     <span class='ocr_line' id='line_1_25' title="bbox 191 2077 1409 2140; baseline 0.01 -22"><span class='ocrx_word' id='word_1_151' title='bbox 191 2077 356 2130; x_wconf 83' lang='lat' dir='ltr'>dendo,</span> <span class='ocrx_word' id='word_1_152' title='bbox 384 2079 738 2131; x_wconf 80' lang='lat' dir='ltr'>argumentando,</span> <span class='ocrx_word' id='word_1_153' title='bbox 769 2091 912 2121; x_wconf 89' lang='lat' dir='ltr'>verum</span> <span class='ocrx_word' id='word_1_154' title='bbox 947 2081 970 2123; x_wconf 70' lang='lat' dir='ltr'>a</span> <span class='ocrx_word' id='word_1_155' title='bbox 1009 2081 1119 2125; x_wconf 84' lang='lat' dir='ltr'>salso</span> <span class='ocrx_word' id='word_1_156' title='bbox 1144 2084 1409 2140; x_wconf 86' lang='lat' dir='ltr'>discernere,</span> 
     </span>
     <span class='ocr_line' id='line_1_26' title="bbox 188 2152 1410 2213; baseline 0.008 -17"><span class='ocrx_word' id='word_1_157' title='bbox 188 2152 403 2204; x_wconf 87' lang='lat' dir='ltr'>invenire,</span> <span class='ocrx_word' id='word_1_158' title='bbox 434 2152 689 2207; x_wconf 87' lang='lat' dir='ltr'>dijudicare,</span> <span class='ocrx_word' id='word_1_159' title='bbox 722 2167 817 2196; x_wconf 89' lang='lat' dir='ltr'>cum</span> <span class='ocrx_word' id='word_1_160' title='bbox 844 2156 936 2197; x_wconf 91' lang='lat' dir='ltr'>aliis</span> <span class='ocrx_word' id='word_1_161' title='bbox 959 2161 1293 2213; x_wconf 83' lang='lat' dir='ltr'>communicare,</span> <span class='ocrx_word' id='word_1_162' title='bbox 1318 2176 1410 2206; x_wconf 90' lang='lat' dir='ltr'>om·</span> 
     </span>
     <span class='ocr_line' id='line_1_27' title="bbox 189 2229 1414 2292; baseline 0.011 -22"><span class='ocrx_word' id='word_1_163' title='bbox 189 2230 292 2273; x_wconf 77' lang='lat' dir='ltr'>nino</span> <span class='ocrx_word' id='word_1_164' title='bbox 317 2229 384 2271; x_wconf 88' lang='lat' dir='ltr'>via</span> <span class='ocrx_word' id='word_1_165' title='bbox 410 2238 451 2272; x_wconf 89' lang='lat' dir='ltr'>et</span> <span class='ocrx_word' id='word_1_166' title='bbox 476 2231 638 2273; x_wconf 83' lang='lat' dir='ltr'>ratione</span> <span class='ocrx_word' id='word_1_167' title='bbox 660 2231 880 2275; x_wconf 87' lang='lat' dir='ltr'>disserere.</span> <span class='ocrx_word' id='word_1_168' title='bbox 920 2233 1068 2286; x_wconf 86' lang='lat' dir='ltr'>Itaque</span> <span class='ocrx_word' id='word_1_169' title='bbox 1094 2237 1193 2292; x_wconf 87' lang='lat' dir='ltr'>legit</span> <span class='ocrx_word' id='word_1_170' title='bbox 1217 2250 1414 2285; x_wconf 87' lang='lat' dir='ltr'>nostrum</span> 
     </span>
     <span class='ocr_line' id='line_1_28' title="bbox 190 2300 1414 2366; baseline 0.015 -25"><span class='ocrx_word' id='word_1_171' title='bbox 190 2300 384 2344; x_wconf 82' lang='lat' dir='ltr'>libellum</span> <span class='ocrx_word' id='word_1_172' title='bbox 422 2304 658 2362; x_wconf 79' lang='lat' dir='ltr'>Praecepta</span> <span class='ocrx_word' id='word_1_173' title='bbox 696 2306 995 2364; x_wconf 77' lang='lat' dir='ltr'>Philosophiae</span> <span class='ocrx_word' id='word_1_174' title='bbox 1043 2310 1229 2366; x_wconf 77' lang='lat' dir='ltr'>Logicae</span> <span class='ocrx_word' id='word_1_175' title='bbox 1263 2314 1414 2358; x_wconf 80' lang='lat' dir='ltr'>inscri-</span> 
     </span>
     <span class='ocr_line' id='line_1_29' title="bbox 190 2377 1414 2442; baseline 0.011 -22"><span class='ocrx_word' id='word_1_176' title='bbox 190 2388 328 2432; x_wconf 84' lang='lat' dir='ltr'>ptum.</span> <span class='ocrx_word' id='word_1_177' title='bbox 387 2377 527 2433; x_wconf 86' lang='lat' dir='ltr'>Cujus</span> <span class='ocrx_word' id='word_1_178' title='bbox 559 2393 688 2432; x_wconf 88' lang='lat' dir='ltr'>quum</span> <span class='ocrx_word' id='word_1_179' title='bbox 716 2394 856 2426; x_wconf 88' lang='lat' dir='ltr'>essent</span> <span class='ocrx_word' id='word_1_180' title='bbox 880 2386 986 2426; x_wconf 89' lang='lat' dir='ltr'>duae</span> <span class='ocrx_word' id='word_1_181' title='bbox 1008 2386 1243 2440; x_wconf 77' lang='lat' dir='ltr'>editiones,</span> <span class='ocrx_word' id='word_1_182' title='bbox 1276 2392 1414 2442; x_wconf 78' lang='lat' dir='ltr'>prima</span> 
     </span>
     <span class='ocr_line' id='line_1_30' title="bbox 195 2453 1415 2508; baseline 0.008 -10"><span class='ocrx_word' id='word_1_183' title='bbox 195 2464 371 2505; x_wconf 81' lang='lat' dir='ltr'>nostra,</span> <span class='ocrx_word' id='word_1_184' title='bbox 416 2453 542 2497; x_wconf 87' lang='lat' dir='ltr'>altera</span> <span class='ocrx_word' id='word_1_185' title='bbox 575 2455 703 2498; x_wconf 88' lang='lat' dir='ltr'>Halae</span> <span class='ocrx_word' id='word_1_186' title='bbox 742 2459 788 2499; x_wconf 91' lang='lat' dir='ltr'>in</span> <span class='ocrx_word' id='word_1_187' title='bbox 825 2457 1051 2502; x_wconf 87' lang='lat' dir='ltr'>Germania</span> <span class='ocrx_word' id='word_1_188' title='bbox 1089 2463 1112 2504; x_wconf 72' lang='lat' dir='ltr'>a</span> <span class='ocrx_word' id='word_1_189' title='bbox 1145 2463 1415 2508; x_wconf 73' lang='lat' dir='ltr'>celeberrimo</span> 
     </span>
     <span class='ocr_line' id='line_1_31' title="bbox 194 2531 1415 2595; baseline 0.01 -23"><span class='ocrx_word' id='word_1_190' title='bbox 194 2531 458 2595; x_wconf 73' lang='lat' dir='ltr'>philosopho.</span> <span class='ocrx_word' id='word_1_191' title='bbox 483 2531 555 2589; x_wconf 85' lang='lat' dir='ltr'>Jo.</span> <span class='ocrx_word' id='word_1_192' title='bbox 591 2534 708 2587; x_wconf 80' lang='lat' dir='ltr'>Aug.</span> <span class='ocrx_word' id='word_1_193' title='bbox 748 2533 997 2578; x_wconf 83' lang='lat' dir='ltr'>Eberhardo</span> <span class='ocrx_word' id='word_1_194' title='bbox 1032 2539 1235 2594; x_wconf 83' lang='lat' dir='ltr'>repetita,</span> <span class='ocrx_word' id='word_1_195' title='bbox 1267 2550 1334 2595; x_wconf 81' lang='lat' dir='ltr'>et,</span> <span class='ocrx_word' id='word_1_196' title='bbox 1367 2550 1415 2584; x_wconf 82' lang='lat' dir='ltr'>ut</span> 
     </span>
    </p>
   </div>
   <div class='ocr_carea' id='block_1_3' title="bbox 864 2612 1420 2674">
    <p class='ocr_par' dir='ltr' id='par_1_4' title="bbox 864 2612 1420 2674">
     <span class='ocr_line' id='line_1_32' title="bbox 864 2612 1420 2674; baseline 0.016 -15"><span class='ocrx_word' id='word_1_197' title='bbox 864 2612 904 2659; x_wconf 87' lang='lat' dir='ltr'><strong>V</strong></span> <span class='ocrx_word' id='word_1_198' title='bbox 931 2623 960 2667; x_wconf 83' lang='lat'><strong><em>5</em></strong></span> <span class='ocrx_word' id='word_1_199' title='bbox 1324 2617 1420 2674; x_wconf 62' lang='lat' dir='ltr'>quia</span> 
     </span>
    </p>
   </div>
  </div>
 </body>
</html>
