1693 3110
362 148 470 195 DE
537 146 975 192 UNITATE
1044 145 1215 193 DEI.
1310 160 1389 204 491

251 270 363 313 Hinc
395 270 520 325 igitur
553 269 709 312 factum
744 277 836 321 est,
867 279 916 311 ut
943 268 1151 319 rationes,
1183 280 1286 321 quae
1308 272 1398 315 sin.

194 348 314 402 gulae
335 356 495 389 tantum
521 344 850 397 probabilitatem
876 344 1056 397 aliquam
1085 344 1302 398 haberent,
1331 356 1392 389 ta-

195 434 289 464 men
324 433 419 464 cum
464 419 676 474 paullatim
714 418 908 470 deinceps
946 421 1163 465 humanam
1211 433 1392 467 mentem

190 498 410 549 subirent,
440 495 654 539 universae
689 505 876 547 magnam
906 504 1245 540 nanciscerentur
1267 499 1396 540 firmi-

192 583 332 617 tatem.
406 573 551 624 Itaque
580 571 807 612 humanum
842 581 973 622 genus
1010 573 1210 614 convenit
1240 574 1282 616 in
1320 575 1398 620 hac

190 650 435 701 sententia,
479 646 651 689 unicum
699 645 900 687 duntaxat
943 657 1034 687 esse
1065 647 1218 688 Deum.
1290 649 1397 703 EJus

190 725 421 769 sententiae
442 722 631 777 plerique
657 733 802 763 omnes
829 721 1019 764 homines
1047 723 1181 776 magis
1204 723 1399 767 minusve

187 801 371 845 rationes
409 798 720 852 percipiebant;
759 796 815 837 ita
851 797 1014 848 quidem
1051 809 1098 839 ut
1133 800 1263 853 magis
1303 801 1399 842 uni-

184 888 329 919 versas
354 874 562 924 confuse,
596 884 721 925 quam
747 871 937 925 singulas
966 872 1165 916 distincte
1190 876 1398 930 intellige-

182 958 295 993 rent.
365 948 515 999 Neque
547 956 710 990 tantum
758 946 928 992 Veteres
964 948 1105 990 nullas
1145 962 1398 1004 magnopere

182 1027 274 1080 eius
298 1022 526 1066 sententiae
560 1023 798 1064 adtulerunt
833 1023 1241 1078 demonstrationeS,
1274 1028 1394 1078 quod

181 1103 277 1156 ipsa
299 1112 371 1154 per
392 1112 436 1142 se
459 1096 560 1140 satis
584 1097 748 1138 haberet
774 1097 1026 1150 evidentiae3
1060 1100 1134 1140 sed
1155 1101 1199 1142 in
1230 1101 1390 1145 Recen-

181 1176 367 1220 tioribus
405 1174 527 1216 etiam
559 1172 728 1217 fuerunt
767 1173 841 1225 qui
864 1175 1034 1216 illorum
1059 1175 1304 1219 modestiam
1330 1189 1395 1219 se-

183 1259 409 1306 querentur
432 1248 531 1291 clari
562 1248 671 1299 viri,
701 1249 833 1289 veluti
865 1247 1165 1301 Jerusalemus
1185 1250 1227 1293 in
1250 1253 1391 1306 libro,

176 1327 249 1370 cui
272 1337 426 1369 nomen
457 1323 606 1367 indidit
635 1321 946 1375 ffietmcbtunqen
977 1318 1068 1370 tibet·
1098 1327 1156 1371 Die
1192 1328 1393 1383 hornebur-

177 1404 250 1463 βεη
271 1399 521 1454 ἔΣΒαιπῡοῐεεη
543 1401 605 1442 ber
637 1397 844 1447 meliqion,
878 1407 918 1439 et
942 1399 1032 1441 alii.

235 1475 437 1526 Habetis,
467 1474 521 1517 V.
553 1473 610 1515 V.
641 1473 712 1515 Cl.
732 1501 746 1522 ‚
778 1485 904 1514 meam
929 1476 978 1515 de
1004 1475 1084 1516 hoc
1109 1477 1205 1518 loco
1228 1489 1397 1523 sentens

176 1553 297 1597 tiam.
341 1550 438 1605 Qua
461 1548 497 1589 si
518 1550 673 1589 certior
695 1546 938 1599 firmiorque
959 1549 1009 1590 ad
1033 1549 1122 1593 Vos
1147 1552 1279 1596 delata
1301 1554 1396 1598 fue-

179 1628 263 1680 rit,
295 1627 557 1669 vehementer
585 1620 782 1676 profecto
815 1622 1005 1666 laetabor
1041 1626 1090 1666 de
1126 1626 1393 1685 Metaphysi.

177 1714 249 1746 cae
272 1700 522 1753 disciplinae
545 1698 800 1740 incremento
816 1727 831 1748 ‚
865 1708 904 1739 et
928 1699 1034 1740 satis
1069 1713 1263 1756 magnum
1290 1721 1391 1760 ope.

175 1791 244 1821 rae
269 1788 378 1818 meae
398 1775 584 1816 fructum
610 1773 851 1825 percepisse
885 1785 949 1814 me
979 1775 1201 1831 judicabo,
1231 1783 1269 1824 si
1300 1795 1389 1826 mea

176 1851 314 1894 Vobis
341 1848 575 1902 disputatio
608 1848 747 1899 aliqua
778 1856 893 1899 parte
929 1848 1193 1896 satisfecerit.
1251 1855 1390 1909 Equi⁴

174 1928 266 1970 dem
299 1923 503 1967 affirmare
535 1933 744 1975 possum,
774 1933 838 1962 me
869 1922 948 1965 hoc
987 1937 1114 1967 unum
1138 1940 1379 1986 spectasse,

172 2013 224 2046 ut
253 2002 297 2044 in
323 2002 420 2043 loco
443 2012 466 2041 a
492 1998 628 2040 Vobis
652 1997 821 2050 posito,
855 2007 1062 2052 tamquam
1094 2002 1134 2044 in
1160 2009 1381 2062 exemplo,

173 2077 460 2126 ostenderem,
493 2082 695 2126 quantum
721 2084 904 2115 errorum
933 2080 1195 2120 asseverandi
1223 2085 1384 2126 temeri.

174 2163 241 2196 tas
257 2162 296 2194 et
317 2162 555 2205 perversum
583 2149 899 2192 demonstrandi
926 2151 1112 2193 studium
1142 2167 1327 2212 pareret3
1346 2161 1384 2204 si

172 2226 286 2269 forte
313 2226 420 2269 alios
453 2226 502 2268 ad
539 2234 692 2267 rectam
730 2224 929 2266 rationem
966 2238 1159 2270 revocare
1190 2244 1376 2284 possemr⁴

171 2302 304 2356 Quod
333 2302 370 2343 si
395 2313 493 2342 vero
520 2301 633 2352 sint,
665 2300 738 2352 qui
764 2312 826 2340 me
862 2301 911 2342 de
935 2300 1228 2356 Metaphysica
1253 2309 1382 2352 discis

169 2377 286 2431 plina
311 2376 414 2418 male
439 2375 635 2417 meruisse
668 2375 932 2427 existiment,
965 2378 1079 2428 quod
1106 2390 1190 2422 eam
1214 2381 1381 2426 Mathe.

168 2452 318 2503 marica
345 2450 595 2502 necessitate
621 2451 784 2511 privare
818 2451 1076 2500 studuerim:
1117 2467 1203 2501 non
1242 2471 1372 2504 meam

1302 2546 1380 2585 VO!
