1693 3110
299 174 385 218 432
608 152 1246 228 DISPUTATIO*

300 284 437 329 Deum
483 279 662 333 primum
709 278 878 332 prodit:
925 280 996 332 πρὸ
1031 281 1107 326 τῶν
1141 281 1261 330 ὅπως
1292 280 1410 328 ὄντων
1448 279 1510 336 εἷς

298 364 379 404 ἐστι
409 360 516 408 θεὸς,
547 361 696 409 πρῶτος
721 357 787 398 καὶ
813 359 882 398 τοῦ
905 356 1057 407 πρώτου
1081 357 1165 399 θεοῦ
1189 356 1255 398 καὶ
1289 358 1514 411 βασιλέως,

294 440 469 481 ἀκίνητος
494 435 532 475 ἐν
556 433 741 485 μονότητι
773 437 844 479 τῆς
869 433 1012 475 sauro&
1040 432 1250 483 μονότητος
1284 433 1423 486 μένων.
1461 433 1527 476 ad‘

297 524 420 566 quem
447 513 587 553 locum
616 511 905 552 consulendus
933 519 994 551 est
1023 509 1106 554 Th.
1135 508 1312 554 Galeas.
1378 511 1514 554 Porro

294 599 548 631 SIMPLlc
569 599 666 628 1Us
717 587 769 628 ad
815 585 1064 638 Epictetum
1099 599 1194 639 cap.
1223 600 1260 629 1.
1322 586 1510 630 Unitatis

295 677 482 709 naturam
522 665 691 705 eandem
729 673 824 704 esse
858 664 982 704 docet
1020 675 1065 704 ac
1103 672 1289 704 naturam
1329 663 1436 704 Boni
1469 672 1512 705 et

295 740 403 784 Dei:
437 751 532 791 cap.
559 738 630 791 38.
670 737 888 779 contendit
918 748 1112 780 caussam
1152 736 1389 778 efficientem
1422 735 1511 788 pri-,-

304 830 412 859 mam
437 827 476 857 et
501 816 651 857 bonam
677 827 768 855 esse
790 815 935 855 debere
957 825 996 856 et
1022 826 1163 856 unam.
1222 813 1339 855 PRo
1355 824 1381 854 c
1398 823 1471 853 Lu
1487 819 1510 852 s

293 890 438 936 Instit.
467 891 622 933 Theol.
656 891 732 934 IX.
761 904 852 944 seq.
885 889 1024 936 miv-ra
1045 895 1098 934 τὰ
1126 891 1225 934 ὄντα
1249 891 1400 944 mdo-m
1427 888 1513 932 ἀπὸ

295 973 394 1023 petie
417 970 549 1015 αἰτίοις
578 974 652 1016 τῆς
677 969 825 1019 πρώτης
847 979 858 990 ”
894 969 1009 1019 quod
1033 967 1088 1008 ita
1122 968 1407 1008 demonstrare
1439 976 1514 1005 co·

296 1054 448 1094 natur,
475 1053 546 1093 ut,
569 1055 666 1083 cum
692 1043 911 1095 probasset
929 1073 944 1094 ,
970 1056 1219 1084 caussarum
1237 1051 1511 1097 progressum

297 1122 346 1162 in
381 1117 596 1170 infinitum
641 1121 921 1160 certissimam
960 1119 1115 1160 habere
1150 1117 1511 1173 repugnantiam,

297 1194 397 1237 inde
430 1197 624 1234 continuo
654 1194 769 1235 illud
797 1195 896 1249 effici
932 1195 1063 1247 velit,
1104 1206 1296 1237 caussam
1325 1193 1515 1248 primam

297 1284 427 1313 mmm
453 1283 524 1309 nec
542 1270 688 1324 plures
709 1281 808 1310 esse.
870 1269 980 1311 Aliis
1006 1281 1178 1322 quoque
1203 1267 1310 1310 locis
1335 1267 1385 1308 de
1408 1264 1515 1308 Uni-

296 1356 381 1388 tate
417 1344 493 1386 Dei
526 1345 744 1396 disputat3
787 1345 861 1387 sed
897 1344 986 1396 ita,
1031 1356 1119 1396 non
1155 1353 1202 1384 ut
1231 1344 1517 1393 demonstret,

301 1422 444 1475 plures
471 1431 553 1459 una
578 1418 732 1470 primas
760 1432 932 1461 caussas
958 1431 1051 1461 esse
1075 1432 1162 1460 non
1190 1430 1344 1473 posse,
1376 1418 1447 1459 sed
1471 1428 1520 1458 ut

300 1496 384 1537 hoc
411 1503 622 1545 tamquam
663 1504 912 1535 concessum
945 1504 1113 1546 sumat,
1148 1504 1188 1535 et
1221 1503 1392 1535 naturae
1425 1493 1523 1534 uni·

283 1580 427 1613 ‘tatem
467 1569 559 1612 Deo
590 1568 807 1618 vindicet,
848 1569 876 1612 ἰ.
908 1582 946 1613 e.
988 1572 1035 1611 in
1061 1570 1213 1626 prima
1247 1580 1397 1609 caussa
1427 1568 1523 1609 nul-

300 1648 390 1690 lam
423 1659 506 1687 esse
536 1645 734 1700 partiam
765 1642 1088 1688 distinctionem.
1125 1644 1216 1687 vid.
1249 1643 1404 1687 Theol.
1433 1643 1528 1684 Pla·

300 1733 393 1766 ton.
426 1723 481 1765 L.
509 1721 565 1763 ΙΙ.
606 1733 655 1773 p.
683 1731 778 1763 110.
810 1718 889 1760 111.
923 1730 965 1770 p.
1005 1733 1098 1775 123.
1139 1720 1396 1762 ubidicitur
1431 1721 1528 1761 ani-

290 1810 371 1842 -tas
405 1800 653 1846 unitatum,
691 1804 732 1835 et
779 1793 924 1836 Instit.
970 1793 1124 1840 Theol.
1169 1808 1263 1848 cap.
1304 1795 1442 1838 LX11.
1487 1803 1528 1837 et

306 1888 398 1927 seq.
457 1873 526 1915 Sic
568 1881 955 1913 SALLUsrrus
1004 1868 1048 1910 in
1087 1867 1230 1913 libello
1266 1872 1315 1913 de
1359 1870 1451 1912 Diis
1487 1878 1530 1911 et

287 1950 480 1992 -Mundo
509 1960 600 2000 cap.
635 1946 693 1988 V.
728 1948 797 1995 τὴν
824 1947 976 1999 πρώτην
998 1946 1135 2003 αἱτίοςν
1162 1945 1258 1998 μίαν
1285 1945 1384 1990 εἶναι
1410 1961 1532 1999 προσ·-

309 2029 424 2077 ἥκει·
458 2025 607 2070 παντὸς
639 2025 719 2075 γὰρ
761 2022 927 2073 πλήθους
964 2022 1125 2072 ἡγεῖται
1168 2019 1322 2072 μόνας,
1362 2020 1528 2072 δυνάμει

312 2119 358 2147 τε
383 2101 449 2145 καὶ
478 2099 699 2151 ἀγαθότητι
723 2098 861 2142 πάν-τοι
882 2102 986 2152 νικᾷ.
1037 2095 1106 2136 Sic
1130 2106 1155 2135 L
1171 2106 1529 2138 ONGINJANUS

311 2178 423 2229 apud
454 2174 746 2228 Augustinum
772 2174 857 2225 Ep.
892 2184 961 2214 21.
1003 2180 1042 2211 et
1073 2182 1143 2212 22.
1208 2168 1277 2210 Sic
1312 2182 1535 2212 DAMAS·

312 2264 452 2295 ems
486 2260 536 2291 et
577 2260 927 2300 SYRIANUS‚
969 2258 1078 2300 quos
1111 2246 1254 2287 laudat
1290 2244 1448 2288 Galeus
1482 2245 1535 2289 ad

310 2326 579 2369 Sallustium.

372 2402 453 2442 Sed
476 2401 644 2451 Patres,
677 2410 723 2441 ut
749 2399 1027 2453 sapientiores
1053 2398 1304 2440 haberentur
1332 2396 1531 2440 Philoso-

308 2481 441 2536 phis,
472 2481 552 2523 Dei
595 2481 796 2522 unitatem
832 2478 1078 2523 necessariis
1119 2478 1238 2520 etiam
1269 2478 1529 2519 demonstra-

1449 2557 1533 2592 110-
