1693 3110
229 190 310 251 ᾖε
511 148 1168 237 PARENTAer

228 316 333 356 bant
357 322 454 353 suas
476 308 677 362 pecunias
694 337 709 358 ,
728 308 876 351 triente
898 311 1281 361 circumscribitur,
1325 317 1443 368 Hine·

222 389 500 441 plurimorum
524 384 680 424 civium
702 383 895 427 fortunae
918 399 1101 431 eversae.
1162 392 1338 435 Accedit
1359 396 1438 438 mi-

221 464 354 506 litaris
377 461 669 513 conscriptiot
700 462 966 514 vectigalium
998 465 1226 509 acerbitas:
1250 468 1441 520 publica·

221 550 373 581 norum
413 537 679 579 exactiones:
710 549 893 579 veterum
932 541 1121 582 omnium
1154 554 1287 586 rerum
1327 557 1446 588 com-⁴·

223 618 432 657 mutatio:
467 615 574 663 alia,
608 626 712 664 quae
747 626 956 657 recensere
994 617 1235 671 infinitum,
1282 630 1322 662 et
1357 621 1443 663 sin-³

222 691 380 745 gelatis
412 691 660 740 scriptionis
698 702 1018 745 argumentum,
1050 695 1123 736 sit.
1183 694 1264 738 His
1298 697 1341 739 in
1377 703 1449 742 ca'-

219 767 482 809 lamitatibns
516 766 715 808 Boersius
754 767 882 820 magis
933 767 1148 822 aliorum,
1200 784 1322 822 quam
1367 786 1446 817 sua

222 855 398 893 caussa,
414 842 595 884 dolebat.
629 842 736 884 Nam
762 845 954 894 quamvis
971 847 1127 930 eQipse
1146 849 1307 900 publici
1331 851 1440 893 aeris

224 920 618 971 circumscriptione
648 932 837 970 magnam
874 920 1138 965 fortunarum
1165 934 1320 977 partein
1344 925 1448 968 ami·-

226 1006 364 1046 serat,
392 1005 556 1045 tamen,
583 996 679 1045 quia
705 995 825 1036 solus
849 1004 1014 1046 erat‚et
1029 1009 1093 1038 res
1108 1010 1205 1039 suas
1227 999 1447 1052 diligenter

226 1071 526 1123 dispensabat,
550 1070 726 1112 babebat
754 1071 855 1111 satis
876 1070 1054 1124 reliqui,
1087 1072 1196 1113 unde
1221 1074 1445 1115 liberaliter

221 1150 412 1198 viveret,
444 1155 485 1187 at
511 1159 596 1188 non
622 1147 724 1188 satis
752 1148 859 1189 unde
882 1148 1004 1200 aliis,
1038 1148 1100 1189 uti
1127 1150 1313 1202 solebat,
1348 1160 1447 1191 suc-

223 1233 425 1267 curreret.
485 1223 603 1264 Fecit
625 1223 934 1274 nibilominus,
968 1232 1015 1265 ut
1046 1225 1107 1265 nil
1132 1236 1181 1266 ex
1215 1235 1346 1265 vetere
1369 1235 1450 1266 sua

225 1312 321 1349 erga
351 1300 456 1341 alios
492 1299 777 1340 beneficientia
808 1300 1088 1341 imminueret.
1151 1298 1337 1342 Omnino
1365 1311 1451 1341 ma-

226 1377 292 1431 gis
330 1376 470 1429 specie
505 1377 643 1418 illatae
671 1376 963 1428 indignitatiS,
999 1389 1123 1428 quam
1151 1377 1310 1418 ablatae
1332 1378 1449 1419 utili-

226 1452 358 1501 tatis,
392 1450 659 1492 movebatur.
721 1450 867 1491 Veluti
902 1451 1072 1492 ineunte
1107 1449 1344 1493 Novembri
1379 1466 1451 1495 an-

224 1528 270 1571 ni
294 1537 561 1575 mucccxu,
594 1537 722 1576 quum
757 1525 982 1565 Academia
1007 1527 1056 1566 ad
1081 1526 1330 1567 Francicum
1361 1540 1451 1570 mo·

226 1605 325 1647 dum
353 1603 642 1652 ordinaretur,
674 1600 996 1644 Professoribus
1021 1613 1135 1643 novo
1158 1602 1361 1644 Francico
1383 1616 1453 1645 ve-

230 1677 368 1727 stitu,
400 1676 521 1729 plane
549 1675 623 1716 illo
656 1675 904 1716 abhorrente
936 1688 957 1716 a
986 1676 1191 1729 gravitate
1213 1677 1344 1718 moris
1369 1689 1457 1717 ma-

229 1756 399 1809 jorum,
431 1752 617 1802 indutis,
650 1751 741 1804 ipse
779 1764 971 1804 praesens
1012 1754 1068 1793 ita
1095 1752 1337 1806 indignatus
1365 1761 1456 1805 est,

234 1839 286 1870 ut
320 1828 400 1869 sibi
435 1837 660 1878 temperare
686 1839 772 1867 non
798 1837 973 1878 posset,
1007 1827 1111 1878 quin
1138 1840 1305 1869 sensum
1330 1828 1457 1869 animi

237 1906 360 1946 vultu
386 1913 424 1945 et
457 1914 561 1944 voce
585 1911 809 1954 promeret.
842 1902 954 1943 Ecce
982 1903 1105 1944 vero!
1135 1904 1211 1944 illo
1235 1904 1330 1957 ipso
1355 1913 1458 1945 tem·-

234 1995 367 2037 pore,
409 1995 494 2034 quo
528 1980 724 2024 Libertas
756 1982 911 2024 Batava
941 1984 1231 2026 conclamatur
1251 2014 1266 2037 ,
1309 1984 1460 2037 sepeli-

238 2069 338 2109 tur,
369 2068 409 2098 et
434 2058 656 2098 Fraucoeae
680 2059 959 2100 dominationi
996 2059 1039 2100 in
1075 2071 1323 2112 perpetuum
1354 2061 1458 2101 sub·

237 2133 410 2188 jicitur,
451 2133 647 2172 dominus
694 2134 736 2174 in
781 2133 939 2174 Russia
984 2134 1099 2185 ruit,
1144 2135 1321 2186 indeque
1363 2147 1463 2177 mox

242 2210 444 2262 fugienS,
501 2210 679 2260 proximi
724 2210 821 2251 anni
864 2211 1003 2251 eodem
1053 2223 1193 2251 mense
1232 2212 1467 2255 Novembri

245 2295 360 2328 trans
395 2284 590 2325 Rhenum
627 2287 838 2340 rtjicitur,
870 2299 907 2327 et
942 2285 1136 2327 Libertas
1174 2286 1325 2328 Batava
1359 2288 1467 2329 revi-

250 2362 392 2408 viscit.
462 2361 662 2405 Boersius
706 2364 788 2406 hoe
824 2363 1108 2418 Virgilianum
1146 2364 1191 2406 in
1223 2374 1268 2406 se
1299 2376 1467 2407 accom-

250 2436 472 2484 modabat:

1338 2585 1341 2587 ,
1393 2547 1472 2596 ις’.
