1693 3110
430 181 1155 230 ADLYNDENUM.
1329 200 1417 234 201

254 303 332 355 RV,
372 303 472 351 Fuit
492 303 684 353 auditor:
712 301 971 356 discipulum
998 308 1133 347 dicere
1159 319 1249 352 non
1272 310 1423 357 audeo.

255 381 438 426 LVNo.
485 381 604 438 Quid
628 377 722 426 ita?

259 459 336 501 W.
369 458 482 515 Quia
508 455 707 510 discipuli
731 465 861 508 sunt,
885 457 960 510 qui
982 457 1179 502 discuntt
1202 459 1273 503 ille
1290 470 1432 506 autem

197 547 253 587 an
278 537 382 588 quid
405 533 594 583 didicerit
610 564 625 585 ‚
656 533 818 575 nescio.

253 613 345 655 PH.
389 613 587 654 Attamen
611 612 742 662 haec,
775 622 1066 663 quaecumque
1090 610 1206 665 fuit,
1239 613 1434 668 discipli-2

196 703 273 737 nae
295 691 568 734 necessitudo
603 696 707 742 satis
729 690 869 745 valere
905 691 1081 738 debebat
1100 721 1117 743 ,
1147 700 1195 733 ut
1220 703 1271 735 ne
1292 693 1435 745 publi,

197 777 245 815 ce
271 776 312 808 te
337 767 671 820 reprehenderet.

257 843 360 886 CR.
410 843 662 888 Kantianum
698 841 894 896 videtur,
926 843 1156 898 gratuitam
1180 842 1431 893 benevolen-

194 918 294 962 tiam
318 920 590 974 professum,
622 920 824 974 ingratam
851 921 1187 963 malevolentiam
1211 933 1422 975 exercere.³

253 996 438 1040 LYND.
483 999 551 1039 An
587 1009 691 1040 vero
719 998 829 1042 alius
863 1000 963 1052 quis
996 997 1233 1042 Kantianus
1272 997 1345 1041 illa
1378 999 1432 1041 de

203 1083 356 1128 caussa
383 1083 423 1114 te
448 1073 748 1127 reprehendit?

251 1148 327 1190 W.
373 1148 513 1190 Nemo
543 1162 751 1201 prorsus,
784 1151 903 1202 quod
925 1149 1131 1194 noverim.

251 1210 433 1268 LYND.
484 1225 601 1282 Quid
636 1226 728 1279 ipse
763 1227 971 1280 Kanum,
1005 1228 1077 1269 cui
1109 1237 1190 1279 tu,
1223 1236 1272 1269 ut
1301 1228 1434 1272 veteri

191 1300 442 1344 Ruhnkenii
463 1301 767 1356 condiscipulo
793 1310 832 1344 et
856 1302 969 1355 civi,
1000 1300 1125 1354 Vitae
1159 1302 1277 1354 illius
1298 1314 1433 1351 exem-

191 1379 309 1434 plum
346 1379 538 1432 misisti?

252 1460 327 1502 W.
357 1460 451 1512 Ipse
469 1472 543 1513 per
565 1470 823 1503 senectutem
845 1461 895 1503 ad
916 1459 1183 1503 scribendum
1204 1457 1425 1511 infirmus,

197 1535 418 1588 rescripsit
444 1548 516 1587 per
538 1535 718 1577 amicum
747 1548 870 1577 suum
898 1534 1126 1582 Rinckium
1143 1563 1159 1584 ‚
1188 1532 1427 1574 eruditissi-

194 1624 309 1654 mum
348 1611 515 1662 virum,
548 1611 860 1664 perhumaniter
896 1611 1025 1652 adeo:
1057 1618 1097 1650 et
1126 1607 1232 1650 alios
1258 1603 1427 1659 quidem

206 1692 305 1736 libri
337 1694 458 1735 locos
498 1691 772 1743 mem01avit,
804 1692 904 1732 illos
930 1689 982 1732 ab
1019 1687 1245 1731 Horreario
1277 1695 1426 1739 postea

194 1772 500 1827 reprehensos,
531 1782 584 1812 ne
611 1769 744 1811 hilum
772 1769 956 1821 quidem.

262 1847 361 1890 CR.
404 1847 473 1888 En
508 1846 739 1890 fanaticum
769 1844 982 1894 Horrearii
1020 1844 1264 1900 ingenium!
1298 1843 1370 1896 qui
1397 1842 1422 1884 a

201 1922 359 1965 Kantio
385 1922 633 1974 ignoratus,
664 1920 815 1963 nedum
843 1929 1048 1974 rogatu5‚
1081 1933 1157 1962 sua
1180 1931 1333 1973 sponte
1357 1922 1428 1963 de«

194 1997 408 2042 sensorem
448 2008 493 2038 se
517 1996 610 2048 illi,
640 1996 935 2049 inquisitorem
964 1996 1119 2048 nobis,
1153 1996 1367 2038 obtrudat.

254 2073 440 2116 LYND.
492 2073 556 2115 De
594 2073 671 2116 ilio
712 2083 849 2121 autem
895 2071 1048 2115 Horrei
1084 2073 1321 2125 scriptore,
1365 2083 1427 2113 req

196 2148 312 2199 lictis
357 2149 445 2194 tuis
479 2147 641 2196 scholis
670 2177 685 2200 ,
736 2147 932 2201 deinceps
979 2146 1082 2199 quid
1130 2145 1289 2189 factum
1326 2147 1425 2188 est?

194 2225 306 2279 Nam
331 2236 444 2267 nunc
471 2225 638 2277 quidem
663 2237 756 2275 eum
790 2226 1092 2268 Amsteiodami
1118 2225 1291 2279 degere,
1322 2223 1424 2267 Pro-1

200 2298 491 2352 sessoremque
511 2300 715 2353 salutari,
746 2302 901 2354 audio,
927 2303 1121 2355 adeptum
1149 2313 1261 2344 tuam
1287 2314 1433 2355 quon-

194 2374 289 2417 dam
326 2373 369 2416 in
406 2375 796 2430 Remonstrantium
839 2378 1036 2432 Collegio
1074 2388 1251 2425 veterem
1285 2377 1427 2421 cathem

198 2449 328 2501 ‹ii-amr,

884 2526 929 2572 N
958 2535 989 2585 5
1348 2526 1427 2577 W,
