1693 3110
416 178 528 223 AD
608 170 1168 218 LYNDENUM.
1328 186 1409 231 19⁷

188 300 422 352 ctoritate,
454 298 630 352 probare
662 296 879 340 debemus.
936 296 994 339 Et
1026 296 1145 349 quod
1168 297 1332 349 quaeris
1360 298 1413 340 de

198 376 407 428 utilitate,
433 377 536 417 duas
554 383 665 417 certe
687 373 844 415 attulit.
906 373 1117 426 Alteram,
1140 373 1256 425 quod
1276 374 1383 416 alios
1398 404 1415 426 ,

197 464 307 505 quae
327 454 413 505 ipsi
436 453 652 502 deessent,
680 448 936 501 requirentes
952 479 965 500 ‚
980 450 1030 491 ad
1049 450 1328 502 quaerendum
1349 463 1420 492 exo

198 528 363 569 citavit.
423 527 635 577 Alteram,
667 525 785 577 quod
820 523 1057 568 confirmari
1091 527 1277 569 vidimus
1303 539 1418 570 vete·

195 616 279 647 rem
323 603 564 656 querelam,
599 603 779 644 homines
815 614 978 658 semper
1007 615 1089 644 esse
1118 613 1303 658 pueros,
1345 616 1422 647 nec

198 679 388 733 priorum
412 680 616 722 exemolis
642 678 799 721 discere
821 679 904 721 sibi
930 672 1108 722 cavere.
1155 680 1265 722 Nam
1288 693 1425 733 quum

202 755 300 798 inde
325 755 349 796 ὸ.
377 764 472 796 nata
500 754 805 806 Philosophia,
838 766 911 807 per
935 754 1000 795 bis
1025 754 1140 795 mille
1165 762 1205 796 et
1228 755 1427 806 quadrin-

201 842 353 888 gentos
388 844 548 883 annos,
581 831 756 883 quaevis
794 830 878 872 fere
920 831 1131 883 generatio
1170 843 1323 874 novam
1362 844 1428 874 se«

199 918 308 949 ctam
334 907 506 960 tulerit,
538 919 644 960 quae
667 919 811 949 verum
846 918 963 950 antea
991 905 1151 958 frustra
1184 910 1428 962 quaesitum

198 985 416 1027 invenisse
439 995 684 1038 putaretur3
720 995 857 1027 tamen
888 985 1079 1039 proxima
1105 988 1280 1038 quaevis
1303 999 1430 1042 gene·

202 1060 343 1113 rati0‚
387 1062 506 1114 quasi
539 1063 671 1104 oblita
706 1075 883 1105 errorem
922 1063 1078 1117 prioris
1113 1065 1432 1117 generationis,

204 1151 282 1182 sua
309 1138 390 1180 sibi
413 1141 503 1181 viee
526 1141 712 1180 eumdem
744 1152 919 1182 errorem
947 1153 1095 1182 rursus
1118 1140 1286 1184 erravit.
1346 1141 1430 1184 Er-

208 1229 265 1270 go
289 1217 354 1258 vir
381 1218 550 1270 quidam
577 1231 699 1270 quem
724 1219 863 1260 nostis
880 1250 894 1270 ,
926 1220 1102 1260 aliorum
1126 1219 1292 1274 iudicio
1313 1219 1437 1262 valde

205 1295 390 1346 doctus,
422 1304 461 1336 et
505 1306 597 1336 meo
629 1307 717 1337 non
754 1295 984 1348 indoctus,
1019 1308 1085 1338 me
1119 1298 1230 1340 serio
1264 1300 1435 1341 monuit

202 1385 256 1415 ne
287 1384 416 1425 porro
451 1371 572 1413 fidem
606 1371 800 1424 Platoni,
843 1373 1092 1426 Aristoteli,
1122 1374 1304 1428 aliisque
1333 1374 1432 1428 phi-

205 1447 406 1500 losophis
453 1446 671 1500 haberem3
717 1448 917 1491 Kantium
955 1450 1066 1492 euim
1099 1452 1182 1505 J’am
1214 1452 1434 1494 veritatem

208 1521 373 1563 tandem
399 1521 619 1564 invenisse
643 1533 684 1564 et
707 1523 973 1576 patefecisse.
1033 1524 1206 1577 Itaque,
1228 1526 1396 1577 inquam
1416 1558 1436 1580 ‚

208 1597 323 1640 hunc
356 1597 514 1650 legisti.
575 1598 678 1640 Non
708 1599 817 1652 legi,
851 1600 1018 1653 inquit:
1068 1602 1141 1643 scd
1173 1603 1275 1645 adeo
1310 1603 1438 1646 multi

210 1673 275 1715 sic
304 1674 354 1714 de
374 1671 532 1715 Kantio
553 1673 787 1726 affirmant,
822 1685 868 1717 ut
892 1676 1074 1719 dubitari
1098 1690 1294 1730 nequeat.
1340 1679 1438 1733 Te,

209 1752 268 1795 mi
289 1751 493 1806 Lyndene
509 1785 524 1806 ,
556 1755 630 1806 qui
654 1768 736 1795 esse
760 1765 800 1796 et
819 1756 960 1799 videri
997 1757 1256 1807 distinguere
1290 1761 1440 1813 nosti,

208 1829 431 1885 popularis
467 1830 626 1871 clamor
664 1842 750 1872 non
785 1830 975 1882 auferet,
1020 1844 1096 1874 nec
1137 1834 1161 1878 a
1192 1834 1340 1887 iudicii
1373 1836 1441 1879 via

210 1904 397 1960 dejiciet.
455 1904 526 1947 Sic
552 1917 631 1946 nos
659 1906 812 1958 etiam,
845 1907 920 1958 qui
943 1906 1059 1950 docti
1083 1908 1289 1962 dicimur,
1322 1911 1441 1953 siml-

207 1982 270 2024 les
294 1980 523 2035 reperimur
546 1981 690 2034 pueris
713 1991 753 2023 et
780 1982 960 2036 puellis,
994 1983 1269 2028 novissimam
1295 2000 1442 2039 quam-

212 2071 298 2112 que
320 2058 451 2100 vestis
476 2066 516 2099 et
543 2067 718 2099 ornatus
743 2058 923 2110 speciem
948 2058 1294 2114 pulcherrimam,
1327 2063 1446 2116 prio*

214 2147 299 2177 rem
338 2143 479 2177 autem
517 2132 728 2176 inficetam
768 2135 1079 2189 judicantibus.
1141 2139 1261 2181 Adeo
1288 2152 1364 2182 nec
1390 2141 1444 2183 ad

216 2210 553 2263 Philosophiae,
594 2222 670 2251 nec
716 2211 767 2252 ad
810 2210 1049 2263 stultitiae,
1092 2211 1215 2254 finem
1255 2217 1453 2267 perveni-

219 2299 334 2330 mus.
394 2286 508 2338 Sed,
539 2296 586 2328 ut
620 2288 674 2329 ad
708 2299 791 2329 rem
826 2287 1016 2340 redeam,
1048 2289 1153 2341 quid
1186 2291 1287 2333 mihi
1316 2305 1447 2344 porro

218 2361 443 2413 acciderit,
480 2363 678 2407 audiatis.
737 2364 902 2406 Horum
943 2365 1074 2417 igitur
1109 2367 1153 2411 in
1194 2367 1338 2411 Kantii
1373 2370 1448 2411 <100

223 2437 359 2479 ctrina
385 2446 424 2477 et
449 2437 728 2484 admissorum
755 2439 1092 2491 animadversio,
1123 2449 1163 2481 et
1190 2442 1451 2486 omissorum

172 2513 177 2516 “
221 2510 471 2560 desideratio
492 2540 510 2566 ‚
541 2511 678 2560 effecit
696 2545 711 2570 ,
742 2523 790 2556 ut
822 2514 929 2559 hane
958 2516 1091 2563 purae
1123 2513 1321 2565 Rationis
1358 2517 1457 2564 Cri«

894 2590 939 2637 N
972 2606 997 2653 3
1399 2595 1456 2642 tie
