1693 3110
393 175 503 222 DE
570 149 1198 230 PiiiLoXENIS.
1325 198 1406 248 29⁷

196 301 352 348 lnxeno
375 301 583 354 Siphniog,
614 304 770 351 quippe
794 301 918 353 cujiis
941 314 1092 353 nomen
1120 301 1293 344 dubium
1320 306 1412 349 red.

198 379 314 421 ditur
351 379 545 419 varietate
579 375 811 431 lectionis,
858 390 962 429 quae
997 388 1063 420 est
1100 378 1213 432 apud
1246 378 1416 422 Suidam

200 451 315 496 Voc.
352 457 533 507 Χιάζιινε
568 464 687 503 quem
722 452 746 492 ὰ
772 451 954 503 Kustero
987 453 1126 494 minus
1159 453 1418 499 intellectum

204 539 317 573 recte
348 529 640 581 interpretatus
676 537 738 570 est
768 527 807 582 ιῘι
844 527 1044 580 Toupius
1079 529 1258 572 Emend.
1296 529 1416 573 Suid.

202 606 252 649 P.
280 605 353 648 111.
394 617 442 657 p.
468 617 577 663 372:
624 604 696 656 ubi
736 614 914 657 vocatur
956 605 1261 648 Theoxenides:
1299 605 1417 658 quod

202 694 356 728 nomen
395 694 474 732 pro
512 681 671 729 vitioso
706 684 911 733 Φιλοξένου
943 683 986 723 in
1013 682 1198 725 Pollucis
1232 682 1329 724 loco
1353 694 1416 724 re-

200 757 461 813 stituendum
499 757 665 799 monuit
704 757 1013 812 eruditissimus
1051 757 1092 812 J.
1125 759 1300 810 ,Jonsius
1351 758 1416 800 De

199 835 453 888 Scriptorib.
487 836 600 890 Hist.
629 834 738 891 Phil.
772 834 812 888 Ι,
855 848 929 887 14,
957 835 1013 886 8,
1051 848 1096 887 p.
1122 848 1203 889 90:
1242 847 1281 878 et
1311 836 1419 877 veri-

201 911 339 955 simile
364 920 453 961 est‚
483 911 534 953 ab
568 912 763 958 imperito
785 910 955 958 librario
983 923 1137 954 nomen
1167 913 1305 953 minus
1338 924 1418 953 no-

201 996 291 1030 tum
325 987 598 1035 Theoxent‘dis
633 988 674 1028 in
709 987 838 1039 magis
880 997 1057 1041 notum,
1088 996 1128 1028 et
1154 986 1204 1027 ab
1240 988 1416 1029 innova-

201 1061 321 1105 tione
351 1062 617 1104 Musicorum
654 1063 873 1104 modorum
906 1072 945 1104 et
976 1063 1137 1116 reliqua
1170 1061 1280 1105 fama
1309 1064 1416 1116 cel-e-¹

203 1133 369 1191 bratum
388 1166 403 1185 ‚
431 1136 661 1191 Philoxeni
682 1146 886 1190 mutatum
909 1136 1059 1180 fuisse.

262 1211 482 1257 Caeterum
509 1214 531 1269 ὲ
560 1213 864 1264 recentioribus
881 1244 896 1266 ,
930 1213 1051 1256 etiam
1076 1223 1171 1256 ante
1191 1213 1272 1257 hos
1292 1213 1418 1257 nobis

200 1288 282 1343 §am
307 1287 498 1331 laudatos
514 1319 529 1341 ,
561 1289 610 1331 de
636 1290 868 1332 Philoxeno
904 1294 1029 1342 poeta
1053 1292 1138 1345 egit
1163 1291 1302 1333 Lilius
1325 1292 1419 1344 Gy-

202 1365 346 1407 raldus
378 1363 575 1419 Historia
605 1364 859 1418 Poetarum,
904 1367 1074 1422 Dialog.
1112 1368 1195 1419 IX,
1234 1383 1277 1419 p,
1305 1369 1418 1423 473,

205 1439 360 1495 addens
393 1439 554 1491 aliquid
587 1441 888 1484 admonitionis
920 1443 964 1484 in
994 1443 1323 1495 cognominibus
1357 1444 1421 1484 di-

202 1514 492 1567 stinguendis,
525 1526 570 1556 ac
611 1527 769 1568 praeter
805 1518 916 1559 hunc
949 1528 1033 1559 tres
1064 1520 1170 1560 alios
1207 1521 1420 1571 prodenS,

201 1601 333 1630 unum
373 1589 665 1642 Cyrenaeum,
696 1590 869 1632 aiterum
905 1591 1121 1633 Eressium
1159 1594 1417 1645 parasitum,

202 1663 408 1707 Leucadii
442 1665 576 1705 filium
608 1666 632 1707 a
666 1665 795 1709 Suida
822 1667 1009 1719 dictum,
1040 1668 1238 1722 Eryxidis
1271 1672 1294 1710 a
1328 1670 1422 1711 Plu-

203 1740 378 1791 tarcho:
414 1741 582 1797 tertium
615 1743 949 1795 grammaticum.
1012 1743 1077 1785 De
1096 1754 1312 1796 postremo
1337 1746 1421 1787 hoe

203 1830 327 1861 nemo
359 1818 549 1862 dubitatt
600 1828 642 1861 at
677 1819 719 1861 in
750 1820 919 1862 duobus
950 1821 1169 1874 prioribus
1204 1822 1420 1876 Gyraldus

201 1905 243 1935 et
268 1895 359 1947 ipse
383 1895 600 1946 turbavit,
632 1905 673 1937 et
702 1896 913 1937 mendosis
936 1895 1137 1940 librorum
1164 1899 1420 1942 lectionibus

202 1969 406 2022 deceptus
431 1979 512 2012 est.
574 1970 773 2012 Narravit
800 1971 921 2013 etiam
946 1971 1142 2015 Muretus
1161 1975 1348 2028 Jucunde
1366 1977 1419 2018 ad

202 2046 419 2100 legendum
438 2078 454 2100 ‚
488 2059 563 2088 nec
597 2057 734 2091 tamen
762 2048 812 2089 ad
843 2048 1168 2102 distinguendos
1198 2053 1423 2103 cognomi-

202 2135 276 2167 nes
318 2125 662 2177 accommodate,
706 2125 749 2167 in
779 2124 1097 2169 Commentario
1127 2126 1178 2168 ad
1213 2128 1425 2170 Aristote-

203 2204 257 2247 lis
288 2203 434 2247 Ethic.
466 2205 522 2248 L.
550 2209 624 2249 ΙΙΙ.
659 2205 856 2249 editionis
891 2203 1223 2248 Ruhnkenianae
1254 2206 1311 2249 T.
1339 2207 1417 2253 m.

203 2285 251 2326 p.
278 2280 372 2329 298.
432 2279 629 2332 Denique
663 2290 762 2332 post
792 2280 1091 2332 Perizonium,
1122 2283 1171 2324 de
1200 2282 1421 2327 Philoxeni

202 2351 353 2401 poetae
379 2352 624 2403 cognitione
654 2356 758 2398 bene
793 2356 933 2397 mereri
965 2358 1105 2400 voluit
1137 2359 1288 2403 doctus
1314 2359 1420 2403 Gal-

202 2424 268 2467 lus
284 2423 499 2467 Burettius
521 2428 565 2469 in
585 2432 934 2473 annotationibus
959 2434 1009 2475 ad
1028 2434 1240 2479 Plutarchi
1261 2438 1417 2481 librum

197 2501 251 2544 de
287 2501 456 2545 Musica
490 2505 670 2557 proditis
714 2507 757 2549 in
800 2507 1128 2554 ommentans
1168 2514 1417 2557 Academiae

808 2580 850 2630 Τ
880 2595 906 2636 5
1351 2589 1421 2644 ω..
