1693 3110
328 135 437 182 DE
507 130 948 177 UNITATE
1016 133 1190 178 Dar.
1292 142 1384 194 ³443

155 260 329 310 unicum
355 259 572 301 duntaxat
608 270 691 299 esse
710 256 800 298 Ens
821 260 1118 301 necessarium.
1180 255 1224 299 Si
1249 261 1380 304 nobis

155 346 421 389 compertum
458 343 599 384 esset,
644 334 763 383 plura
803 345 895 375 esse
939 334 1066 376 Entia
1111 337 1373 392 necessaria,-

158 413 378 465 quomodo
406 409 622 463 possimus
649 406 804 461 fingere
832 420 961 450 unum
995 413 1056 451 vel
1088 413 1263 455 alterurn
1289 426 1376 458 non

155 488 284 529 esse?
317 487 400 529 nisi
437 486 546 527 forte
575 485 660 534 ita,
695 493 739 524 nt
768 484 921 531 fingere
955 498 1212 540 possumus,
1244 491 1380 532 omni-

154 573 214 606 no
240 563 403 604 nullum
430 573 548 613 esse,
578 560 695 614 quod
724 572 796 612 per
822 571 866 601 se
889 572 1112 613 repugnat.
1172 562 1267 605 Hoc
1292 565 1381 618 pri0

155 647 272 680 mum
308 646 371 678 est
406 636 554 678 vitium
591 635 634 677 in
679 634 839 679 Clarkii
883 638 1177 682 conclusione.
1247 641 1380 684 Nune

152 712 282 755 nobis
320 726 404 755 non
445 722 707 765 compertum
744 721 832 764 est,
866 710 1066 765 pluresne
1092 726 1143 756 an
1176 727 1286 757 unus
1320 717 1380 760 sit:

152 792 296 834 Deus:
344 793 481 836 minus
516 805 602 835 uno
639 803 732 834 esse
766 802 943 844 nequit,
990 793 1091 844 quia
1134 786 1377 839 necessario

149 870 403 922 requirimus
427 881 618 911 caussam
650 869 832 921 aliquam
862 867 991 922 hujus
1023 870 1239 914 universi:
1270 882 1310 913 et
1335 873 1378 916 si

150 958 297 988 omnes
341 947 447 987 alios
488 946 603 988 Deos
637 946 894 998 cogitatione
954 945 1194 997 tollamus,
1241 958 1377 990 unum

149 1034 338 1076 semper,
390 1025 635 1077 quicunque
675 1024 746 1064 ille
793 1023 877 1072 sit,
937 1024 1194 1074 retinemus,
1237 1036 1377 1077 neque

153 1101 245 1154 ejus
287 1100 549 1142 existentiam
588 1113 636 1142 cx
670 1101 811 1142 animo
845 1101 967 1143 evelli
995 1100 1123 1142 nobis
1158 1102 1373 1156 patimur;

150 1177 285 1230 igitur
315 1179 485 1220 minime
521 1181 570 1220 de
609 1178 808 1220 omnibus
843 1177 973 1219 simul
999 1178 1195 1230 cogitare
1217 1189 1379 1229 possu-

148 1264 277 1305 mus,
317 1265 389 1296 eos
425 1266 512 1295 non
546 1265 638 1295 6556
671 1253 939 1306 necessario,
985 1253 1059 1294 sed
1102 1253 1153 1294 de
1185 1253 1374 1307 singulis

143 1335 326 1373 tantum.
386 1329 467 1372 Fac
500 1343 542 1375 v.
569 1343 608 1374 c.
646 1331 851 1385 egregiam
881 1343 967 1373 nos
990 1332 1128 1373 videre
1154 1343 1368 1380 statuainz

149 1405 358 1448 continuo
385 1406 671 1461 intelligemus
706 1418 879 1448 neeesse
916 1418 1035 1458 esse,
1067 1391 1154 1450 earn
1183 1411 1233 1451 ab
1257 1423 1377 1463 egre-⁴

152 1481 224 1533 gio
257 1483 462 1523 statuario
497 1481 652 1523 factam
694 1494 814 1523 esse:
859 1480 928 1523 fac
972 1495 1070 1524 vero
1120 1484 1240 1526 etiam
1291 1498 1376 1529 tres

148 1556 352 1599 duntaxat
375 1568 468 1599 esse
491 1558 718 1600 statuarios
749 1558 972 1612 egregios,
1007 1558 1224 1612 Phidiam,
1257 1558 1378 1615 Lysa

150 1631 330 1685 ippum,
377 1641 416 1675 et
463 1631 724 1686 Myronem3
774 1634 1012 1675 necessario
1048 1634 1249 1678 trifariam
1293 1648 1380 1680 sta-

148 1709 349 1751 tuendum
382 1708 461 1750 tibi
495 1709 601 1760 erit,
633 1721 718 1751 eam
758 1709 811 1752 ab
850 1723 935 1751 uno
971 1711 1183 1753 extribus
1213 1711 1378 1759 factam*

146 1798 273 1838 esse,
305 1798 408 1838 seu,
440 1795 488 1828 ut
520 1786 563 1827 in
589 1785 754 1828 Clarkii
785 1785 1068 1828 similitudine
1100 1800 1368 1848 maneamus,

160 1872 358 1916 neganter
390 1862 589 1904 trifariam
625 1870 888 1905 statuemus:
921 1861 1058 1913 primo
1080 1874 1166 1904 eam
1193 1877 1328 1918 neque
1352 1880 1379 1910 a*

148 1937 378 1993 Lysippo,
409 1950 545 1992 neque
568 1951 590 1980 a
622 1937 809 1992 Myrone
828 1937 981 1980 factam
1007 1952 1123 1982 esse:
1159 1946 1380 1997 secundo,

152 2028 289 2068 neque
318 2029 339 2057 a
367 2015 548 2067 Phidia,
580 2027 719 2067 neque
743 2027 765 2055 a
787 2013 1015 2068 Lysipp03
1050 2017 1173 2059 tertio
1192 2048 1206 2069 ,
1238 2031 1382 2070 neque·

148 2102 173 2137 a
199 2091 412 2145 Myrone,
444 2103 580 2144 neque
614 2104 635 2133 a
670 2091 834 2140 Phidia‚
896 2091 957 2132 lta
999 2093 1168 2144 quidem
1209 2095 1376 2150 disjun-

148 2180 216 2212 cte
251 2182 396 2224 negare
439 2171 584 2212 licebit
618 2169 668 2212 de
701 2168 898 2221 duobus,
930 2169 1103 2211 minime
1139 2183 1238 2213 vero
1268 2187 1379 2216 con-

141 2246 292 2302 juncte
327 2248 376 2288 de
412 2247 628 2289 omnibus.
689 2245 785 2288 Hoc
814 2256 897 2287 erat
925 2247 1102 2288 alterum
1129 2249 1280 2292 vitium
1304 2265 1370 2296 ra.

148 2321 282 2363 tionis
320 2320 587 2367 Clarkianae.
652 2323 745 2380 Jam
792 2335 893 2366 vero
931 2324 1046 2375 quod
1084 2325 1235 2368 ultimo
1270 2327 1369 2370 loco

146 2396 260 2439 addit
289 2397 509 2443 Clarkius:
574 2430 601 2454 „
629 2409 679 2447 ut
717 2399 1062 2456 multt'lecentur
1097 2399 1384 2457 quansumvis'

147 2501 176 2533 2,
205 2473 345 2521 Entia
376 2481 641 2536 neccssart'a,
675 2492 756 2523 non
783 2487 920 2536 potest
957 2492 1040 2525 esse
1076 2482 1161 2524 nisi
1191 2485 1367 2532 unicum

1235 2585 1276 2614 υ
1303 2570 1373 2613 ,Μὴ
