<?xml version="1.0" encoding="UTF-8"?>
<!DOCTYPE html PUBLIC "-//W3C//DTD XHTML 1.0 Transitional//EN"
    "http://www.w3.org/TR/xhtml1/DTD/xhtml1-transitional.dtd">
<html xmlns="http://www.w3.org/1999/xhtml" xml:lang="en" lang="en">
 <head>
  <title>
</title>
<meta http-equiv="Content-Type" content="text/html;charset=utf-8" />
  <meta name='ocr-system' content='tesseract 3.04.00' />
  <meta name='ocr-capabilities' content='ocr_page ocr_carea ocr_par ocr_line ocrx_word'/>
</head>
<body>
  <div class='ocr_page' id='page_1' title='image "./opusculavariiarg02wytt/opusculavariiarg02wytt_0247.png"; bbox 0 0 1693 3110; ppageno 0'>
   <div class='ocr_carea' id='block_1_1' title="bbox 394 189 1398 249">
    <p class='ocr_par' dir='ltr' id='par_1_1' title="bbox 394 189 1398 249">
     <span class='ocr_line' id='line_1_1' title="bbox 394 189 1398 249; baseline 0.002 -12"><span class='ocrx_word' id='word_1_1' title='bbox 394 189 1174 239; x_wconf 78' lang='lat' dir='ltr'>SANCTOCRUCIL</span> <span class='ocrx_word' id='word_1_2' title='bbox 1319 204 1398 249; x_wconf 72' lang='lat'><strong>231</strong></span> 
     </span>
    </p>
   </div>
   <div class='ocr_carea' id='block_1_2' title="bbox 151 315 1416 2665">
    <p class='ocr_par' dir='ltr' id='par_1_2' title="bbox 171 315 1400 445">
     <span class='ocr_line' id='line_1_2' title="bbox 173 315 1400 370; baseline -0.002 -8"><span class='ocrx_word' id='word_1_3' title='bbox 173 315 416 363; x_wconf 80' lang='lat' dir='ltr'><strong>nevolentia</strong></span> <span class='ocrx_word' id='word_1_4' title='bbox 441 328 534 370; x_wconf 85' lang='lat' dir='ltr'><strong>erga</strong></span> <span class='ocrx_word' id='word_1_5' title='bbox 573 315 685 357; x_wconf 84' lang='lat' dir='ltr'><strong>cives</strong></span> <span class='ocrx_word' id='word_1_6' title='bbox 712 323 753 355; x_wconf 90' lang='lat' dir='ltr'><strong>et</strong></span> <span class='ocrx_word' id='word_1_7' title='bbox 777 323 970 367; x_wconf 83' lang='lat' dir='ltr'><strong>exteros,</strong></span> <span class='ocrx_word' id='word_1_8' title='bbox 1003 315 1046 358; x_wconf 87' lang='lat' dir='ltr'><strong>in</strong></span> <span class='ocrx_word' id='word_1_9' title='bbox 1069 315 1217 369; x_wconf 76' lang='lat' dir='ltr'><strong>primis</strong></span> <span class='ocrx_word' id='word_1_10' title='bbox 1250 315 1400 360; x_wconf 76' lang='lat' dir='ltr'><strong>homi-</strong></span> 
     </span>
     <span class='ocr_line' id='line_1_3' title="bbox 171 391 1386 445; baseline 0 -9"><span class='ocrx_word' id='word_1_11' title='bbox 171 404 248 436; x_wconf 80' lang='lat' dir='ltr'><strong>nes</strong></span> <span class='ocrx_word' id='word_1_12' title='bbox 270 394 452 436; x_wconf 69' lang='lat' dir='ltr'><strong>doctosz</strong></span> <span class='ocrx_word' id='word_1_13' title='bbox 485 401 692 434; x_wconf 89' lang='lat' dir='ltr'><strong>caeterum</strong></span> <span class='ocrx_word' id='word_1_14' title='bbox 716 391 910 433; x_wconf 86' lang='lat' dir='ltr'><strong>excelsus</strong></span> <span class='ocrx_word' id='word_1_15' title='bbox 933 392 1124 445; x_wconf 86' lang='lat' dir='ltr'><strong>animus,</strong></span> <span class='ocrx_word' id='word_1_16' title='bbox 1155 393 1386 436; x_wconf 90' lang='lat' dir='ltr'><strong>honestum</strong></span> 
     </span>
    </p>

    <p class='ocr_par' dir='ltr' id='par_1_3' title="bbox 169 468 1394 521">
     <span class='ocr_line' id='line_1_4' title="bbox 169 468 1394 521; baseline -0.001 -8"><span class='ocrx_word' id='word_1_17' title='bbox 169 484 220 513; x_wconf 79' lang='lat' dir='ltr'><strong>ac</strong></span> <span class='ocrx_word' id='word_1_18' title='bbox 254 471 452 513; x_wconf 89' lang='lat' dir='ltr'><strong>decorum</strong></span> <span class='ocrx_word' id='word_1_19' title='bbox 493 477 728 521; x_wconf 85' lang='lat' dir='ltr'><strong>appetens,</strong></span> <span class='ocrx_word' id='word_1_20' title='bbox 767 476 890 520; x_wconf 87' lang='lat' dir='ltr'><strong>turpe</strong></span> <span class='ocrx_word' id='word_1_21' title='bbox 926 477 965 509; x_wconf 93' lang='lat' dir='ltr'><strong>et</strong></span> <span class='ocrx_word' id='word_1_22' title='bbox 1003 468 1244 512; x_wconf 85' lang='lat' dir='ltr'><strong>indecorum</strong></span> <span class='ocrx_word' id='word_1_23' title='bbox 1276 483 1394 512; x_wconf 85' lang='lat' dir='ltr'><strong>aver-</strong></span> 
     </span>
    </p>

    <p class='ocr_par' dir='ltr' id='par_1_4' title="bbox 167 543 1390 602">
     <span class='ocr_line' id='line_1_5' title="bbox 167 543 1390 602; baseline -0.001 -12"><span class='ocrx_word' id='word_1_24' title='bbox 167 559 294 590; x_wconf 77' lang='lat' dir='ltr'><strong>sans:</strong></span> <span class='ocrx_word' id='word_1_25' title='bbox 327 547 451 602; x_wconf 79' lang='lat' dir='ltr'><strong>cujus</strong></span> <span class='ocrx_word' id='word_1_26' title='bbox 483 544 532 588; x_wconf 80' lang='lat' dir='ltr'><strong>in</strong></span> <span class='ocrx_word' id='word_1_27' title='bbox 559 544 680 586; x_wconf 66' lang='lat' dir='ltr'><strong>,omni</strong></span> <span class='ocrx_word' id='word_1_28' title='bbox 707 554 902 585; x_wconf 86' lang='lat' dir='ltr'>sermone</span> <span class='ocrx_word' id='word_1_29' title='bbox 935 543 1134 596; x_wconf 86' lang='lat' dir='ltr'><strong>frequens</strong></span> <span class='ocrx_word' id='word_1_30' title='bbox 1160 556 1390 598; x_wconf 85' lang='lat' dir='ltr'><strong>generosos</strong></span> 
     </span>
    </p>

    <p class='ocr_par' dir='ltr' id='par_1_5' title="bbox 166 620 1391 676">
     <span class='ocr_line' id='line_1_6' title="bbox 166 620 1391 676; baseline -0.004 -8"><span class='ocrx_word' id='word_1_31' title='bbox 166 637 325 668; x_wconf 73' lang='lat' dir='ltr'><strong>sensus</strong></span> <span class='ocrx_word' id='word_1_32' title='bbox 349 621 590 676; x_wconf 82' lang='lat' dir='ltr'><strong>promebat3</strong></span> <span class='ocrx_word' id='word_1_33' title='bbox 624 620 661 662; x_wconf 89' lang='lat' dir='ltr'><strong>si</strong></span> <span class='ocrx_word' id='word_1_34' title='bbox 699 621 823 675; x_wconf 83' lang='lat' dir='ltr'><strong>cujus</strong></span> <span class='ocrx_word' id='word_1_35' title='bbox 846 621 993 674; x_wconf 72' lang='lat' dir='ltr'><strong>iuste,</strong></span> <span class='ocrx_word' id='word_1_36' title='bbox 1024 630 1164 673; x_wconf 86' lang='lat' dir='ltr'><strong>recte,</strong></span> <span class='ocrx_word' id='word_1_37' title='bbox 1195 621 1391 664; x_wconf 87' lang='lat' dir='ltr'><strong>humani-</strong></span> 
     </span>
    </p>

    <p class='ocr_par' dir='ltr' id='par_1_6' title="bbox 165 695 1388 752">
     <span class='ocr_line' id='line_1_7' title="bbox 165 695 1388 752; baseline -0.003 -10"><span class='ocrx_word' id='word_1_38' title='bbox 165 710 259 752; x_wconf 77' lang='lat' dir='ltr'><strong>ter,</strong></span> <span class='ocrx_word' id='word_1_39' title='bbox 289 709 361 742; x_wconf 80' lang='lat' dir='ltr'><strong>aut</strong></span> <span class='ocrx_word' id='word_1_40' title='bbox 396 711 548 751; x_wconf 85' lang='lat' dir='ltr'><strong>secus,</strong></span> <span class='ocrx_word' id='word_1_41' title='bbox 580 697 682 740; x_wconf 85' lang='lat' dir='ltr'><strong>facti</strong></span> <span class='ocrx_word' id='word_1_42' title='bbox 703 697 865 742; x_wconf 74' lang='lat' dir='ltr'><strong>,mentio</strong></span> <span class='ocrx_word' id='word_1_43' title='bbox 886 695 1105 739; x_wconf 77' lang='lat' dir='ltr'><strong>incideret.</strong></span> <span class='ocrx_word' id='word_1_44' title='bbox 1164 695 1213 739; x_wconf 91' lang='lat' dir='ltr'><strong>In</strong></span> <span class='ocrx_word' id='word_1_45' title='bbox 1240 696 1388 748; x_wconf 85' lang='lat' dir='ltr'><strong>primis</strong></span> 
     </span>
    </p>

    <p class='ocr_par' dir='ltr' id='par_1_7' title="bbox 163 772 1416 905">
     <span class='ocr_line' id='line_1_8' title="bbox 163 772 1416 827; baseline -0.003 -8"><span class='ocrx_word' id='word_1_46' title='bbox 163 787 306 823; x_wconf 77' lang='lat' dir='ltr'><strong>autem</strong></span> <span class='ocrx_word' id='word_1_47' title='bbox 338 775 503 827; x_wconf 80' lang='lat' dir='ltr'><strong>Urbis,</strong></span> <span class='ocrx_word' id='word_1_48' title='bbox 535 786 583 818; x_wconf 86' lang='lat' dir='ltr'><strong>ut</strong></span> <span class='ocrx_word' id='word_1_49' title='bbox 615 785 718 817; x_wconf 83' lang='lat' dir='ltr'><strong>tunc</strong></span> <span class='ocrx_word' id='word_1_50' title='bbox 748 783 868 826; x_wconf 72' lang='lat' dir='ltr'><strong>erat,</strong></span> <span class='ocrx_word' id='word_1_51' title='bbox 899 772 1107 816; x_wconf 88' lang='lat' dir='ltr'><strong>luxuriem</strong></span> <span class='ocrx_word' id='word_1_52' title='bbox 1138 773 1416 826; x_wconf 67' lang='lat' dir='ltr'><strong>indignabar-2.</strong></span> 
     </span>
     <span class='ocr_line' id='line_1_9' title="bbox 164 848 1388 905; baseline -0.004 -9"><span class='ocrx_word' id='word_1_53' title='bbox 164 864 266 905; x_wconf 84' lang='lat' dir='ltr'><strong>tur,</strong></span> <span class='ocrx_word' id='word_1_54' title='bbox 296 861 337 894; x_wconf 94' lang='lat' dir='ltr'><strong>et</strong></span> <span class='ocrx_word' id='word_1_55' title='bbox 364 853 621 894; x_wconf 80' lang='lat' dir='ltr'><strong>verissimam</strong></span> <span class='ocrx_word' id='word_1_56' title='bbox 650 862 814 893; x_wconf 75' lang='lat' dir='ltr'><strong>morum</strong></span> <span class='ocrx_word' id='word_1_57' title='bbox 842 848 1159 902; x_wconf 85' lang='lat' dir='ltr'><strong>corruptionem</strong></span> <span class='ocrx_word' id='word_1_58' title='bbox 1184 848 1388 902; x_wconf 89' lang='lat' dir='ltr'><strong>interpre-</strong></span> 
     </span>
    </p>

    <p class='ocr_par' dir='ltr' id='par_1_8' title="bbox 162 925 1393 1058">
     <span class='ocr_line' id='line_1_10' title="bbox 162 925 1393 984; baseline -0.006 -12"><span class='ocrx_word' id='word_1_59' title='bbox 162 931 358 982; x_wconf 83' lang='lat' dir='ltr'><strong>tabatur,</strong></span> <span class='ocrx_word' id='word_1_60' title='bbox 383 931 559 984; x_wconf 83' lang='lat' dir='ltr'><strong>ejusque</strong></span> <span class='ocrx_word' id='word_1_61' title='bbox 586 928 781 980; x_wconf 87' lang='lat' dir='ltr'><strong>quamvis</strong></span> <span class='ocrx_word' id='word_1_62' title='bbox 806 927 964 968; x_wconf 79' lang='lat' dir='ltr'><strong>dudum</strong></span> <span class='ocrx_word' id='word_1_63' title='bbox 986 925 1069 966; x_wconf 87' lang='lat' dir='ltr'><strong>sibi</strong></span> <span class='ocrx_word' id='word_1_64' title='bbox 1091 925 1311 978; x_wconf 83' lang='lat' dir='ltr'><strong>cognitae,</strong></span> <span class='ocrx_word' id='word_1_65' title='bbox 1328 934 1393 966; x_wconf 89' lang='lat' dir='ltr'><strong>ta-</strong></span> 
     </span>
     <span class='ocr_line' id='line_1_11' title="bbox 162 1004 1386 1058; baseline -0.002 -11"><span class='ocrx_word' id='word_1_66' title='bbox 162 1018 258 1048; x_wconf 89' lang='lat' dir='ltr'><strong>men</strong></span> <span class='ocrx_word' id='word_1_67' title='bbox 281 1006 436 1058; x_wconf 71' lang='lat' dir='ltr'><strong>qnovis</strong></span> <span class='ocrx_word' id='word_1_68' title='bbox 460 1016 578 1047; x_wconf 88' lang='lat' dir='ltr'><strong>novo</strong></span> <span class='ocrx_word' id='word_1_69' title='bbox 611 1005 800 1057; x_wconf 87' lang='lat' dir='ltr'><strong>exemplo</strong></span> <span class='ocrx_word' id='word_1_70' title='bbox 823 1004 915 1056; x_wconf 84' lang='lat' dir='ltr'><strong>ipse</strong></span> <span class='ocrx_word' id='word_1_71' title='bbox 943 1011 992 1043; x_wconf 91' lang='lat' dir='ltr'><strong>ut</strong></span> <span class='ocrx_word' id='word_1_72' title='bbox 1013 1015 1152 1044; x_wconf 80' lang='lat' dir='ltr'><strong>novus</strong></span> <span class='ocrx_word' id='word_1_73' title='bbox 1177 1010 1217 1043; x_wconf 87' lang='lat' dir='ltr'><strong>et</strong></span> <span class='ocrx_word' id='word_1_74' title='bbox 1241 1014 1386 1045; x_wconf 87' lang='lat' dir='ltr'><strong>recens</strong></span> 
     </span>
    </p>

    <p class='ocr_par' dir='ltr' id='par_1_9' title="bbox 162 1079 1386 1136">
     <span class='ocr_line' id='line_1_12' title="bbox 162 1079 1386 1136; baseline -0.003 -10"><span class='ocrx_word' id='word_1_75' title='bbox 162 1083 532 1126; x_wconf 84' lang='lat' dir='ltr'><strong>commovebatur.</strong></span> <span class='ocrx_word' id='word_1_76' title='bbox 599 1080 738 1136; x_wconf 78' lang='lat' dir='ltr'><strong>Quam</strong></span> <span class='ocrx_word' id='word_1_77' title='bbox 780 1092 910 1132; x_wconf 83' lang='lat' dir='ltr'><strong>quum</strong></span> <span class='ocrx_word' id='word_1_78' title='bbox 954 1079 1183 1132; x_wconf 69' lang='lat' dir='ltr'><strong>aliquando</strong></span> <span class='ocrx_word' id='word_1_79' title='bbox 1228 1080 1386 1122; x_wconf 86' lang='lat' dir='ltr'><strong>doctus</strong></span> 
     </span>
    </p>

    <p class='ocr_par' dir='ltr' id='par_1_10' title="bbox 160 1155 1385 1207">
     <span class='ocr_line' id='line_1_13' title="bbox 160 1155 1385 1207; baseline -0.004 -7"><span class='ocrx_word' id='word_1_80' title='bbox 160 1158 294 1200; x_wconf 81' lang='lat' dir='ltr'><strong>homo</strong></span> <span class='ocrx_word' id='word_1_81' title='bbox 319 1157 504 1200; x_wconf 78' lang='lat' dir='ltr'><strong>carmine</strong></span> <span class='ocrx_word' id='word_1_82' title='bbox 539 1157 696 1198; x_wconf 78' lang='lat' dir='ltr'><strong>Latino</strong></span> <span class='ocrx_word' id='word_1_83' title='bbox 717 1156 829 1197; x_wconf 85' lang='lat' dir='ltr'><strong>haud</strong></span> <span class='ocrx_word' id='word_1_84' title='bbox 852 1155 1022 1197; x_wconf 78' lang='lat' dir='ltr'><strong>inficeto</strong></span> <span class='ocrx_word' id='word_1_85' title='bbox 1043 1186 1058 1207; x_wconf 81' lang='lat'>‚</span> <span class='ocrx_word' id='word_1_86' title='bbox 1091 1155 1164 1197; x_wconf 87' lang='lat' dir='ltr'><strong>sed</strong></span> <span class='ocrx_word' id='word_1_87' title='bbox 1191 1155 1385 1205; x_wconf 84' lang='lat' dir='ltr'><strong>lascivo,</strong></span> 
     </span>
    </p>

    <p class='ocr_par' dir='ltr' id='par_1_11' title="bbox 159 1228 1387 1287">
     <span class='ocr_line' id='line_1_14' title="bbox 159 1228 1387 1287; baseline -0.006 -12"><span class='ocrx_word' id='word_1_88' title='bbox 159 1233 450 1287; x_wconf 82' lang='lat' dir='ltr'><strong>depinxisset,</strong></span> <span class='ocrx_word' id='word_1_89' title='bbox 483 1232 611 1284; x_wconf 87' lang='lat' dir='ltr'><strong>idque</strong></span> <span class='ocrx_word' id='word_1_90' title='bbox 634 1230 941 1273; x_wconf 85' lang='lat' dir='ltr'><strong>Sanctocrucio</strong></span> <span class='ocrx_word' id='word_1_91' title='bbox 969 1238 1010 1271; x_wconf 90' lang='lat' dir='ltr'><strong>et</strong></span> <span class='ocrx_word' id='word_1_92' title='bbox 1040 1230 1134 1272; x_wconf 89' lang='lat' dir='ltr'><strong>aliis</strong></span> <span class='ocrx_word' id='word_1_93' title='bbox 1157 1228 1387 1283; x_wconf 69' lang='lat' dir='ltr'><strong>praesenti-</strong></span> 
     </span>
    </p>

    <p class='ocr_par' dir='ltr' id='par_1_12' title="bbox 155 1305 1392 1517">
     <span class='ocr_line' id='line_1_15' title="bbox 160 1305 1392 1361; baseline -0.006 -8"><span class='ocrx_word' id='word_1_94' title='bbox 160 1312 243 1353; x_wconf 83' lang='lat' dir='ltr'><strong>bus</strong></span> <span class='ocrx_word' id='word_1_95' title='bbox 273 1309 487 1361; x_wconf 79' lang='lat' dir='ltr'><strong>recitaret,</strong></span> <span class='ocrx_word' id='word_1_96' title='bbox 520 1309 588 1350; x_wconf 74' lang='lat' dir='ltr'><strong>liic</strong></span> <span class='ocrx_word' id='word_1_97' title='bbox 616 1309 875 1349; x_wconf 83' lang='lat' dir='ltr'><strong>recitatorem</strong></span> <span class='ocrx_word' id='word_1_98' title='bbox 893 1305 951 1348; x_wconf 85' lang='lat' dir='ltr'><strong>ita</strong></span> <span class='ocrx_word' id='word_1_99' title='bbox 975 1306 1213 1358; x_wconf 71' lang='lat' dir='ltr'><strong>corripuit⁹</strong></span> <span class='ocrx_word' id='word_1_100' title='bbox 1238 1315 1284 1346; x_wconf 89' lang='lat' dir='ltr'><strong>ut</strong></span> <span class='ocrx_word' id='word_1_101' title='bbox 1311 1305 1392 1346; x_wconf 87' lang='lat' dir='ltr'><strong>ob·</strong></span> 
     </span>
     <span class='ocr_line' id='line_1_16' title="bbox 164 1380 1388 1435; baseline -0.006 -6"><span class='ocrx_word' id='word_1_102' title='bbox 164 1395 441 1429; x_wconf 84' lang='lat' dir='ltr'><strong>mutesceret:</strong></span> <span class='ocrx_word' id='word_1_103' title='bbox 484 1383 681 1435; x_wconf 58' lang='lat' dir='ltr'><strong>Siccine„</strong></span> <span class='ocrx_word' id='word_1_104' title='bbox 714 1382 883 1434; x_wconf 80' lang='lat' dir='ltr'><strong>inquit,</strong></span> <span class='ocrx_word' id='word_1_105' title='bbox 918 1380 1070 1421; x_wconf 84' lang='lat' dir='ltr'><strong>lasci-vi</strong></span> <span class='ocrx_word' id='word_1_106' title='bbox 1102 1392 1263 1422; x_wconf 82' lang='lat' dir='ltr'><strong>amores</strong></span> <span class='ocrx_word' id='word_1_107' title='bbox 1298 1391 1388 1422; x_wconf 87' lang='lat' dir='ltr'><strong>non</strong></span> 
     </span>
     <span class='ocr_line' id='line_1_17' title="bbox 155 1457 1382 1517; baseline -0.007 -13"><span class='ocrx_word' id='word_1_108' title='bbox 155 1474 232 1517; x_wconf 89' lang='lat' dir='ltr'><strong>per</strong></span> <span class='ocrx_word' id='word_1_109' title='bbox 253 1474 297 1504; x_wconf 93' lang='lat' dir='ltr'><strong>se</strong></span> <span class='ocrx_word' id='word_1_110' title='bbox 320 1462 403 1514; x_wconf 89' lang='lat' dir='ltr'><strong>ipsi</strong></span> <span class='ocrx_word' id='word_1_111' title='bbox 429 1461 533 1502; x_wconf 89' lang='lat' dir='ltr'><strong>satis</strong></span> <span class='ocrx_word' id='word_1_112' title='bbox 559 1468 661 1502; x_wconf 88' lang='lat' dir='ltr'><strong>sunt</strong></span> <span class='ocrx_word' id='word_1_113' title='bbox 687 1458 858 1499; x_wconf 81' lang='lat' dir='ltr'><strong>fallaces</strong></span> <span class='ocrx_word' id='word_1_114' title='bbox 880 1470 926 1498; x_wconf 87' lang='lat' dir='ltr'><strong>ac</strong></span> <span class='ocrx_word' id='word_1_115' title='bbox 952 1457 1139 1508; x_wconf 84' lang='lat' dir='ltr'><strong>lubrici,</strong></span> <span class='ocrx_word' id='word_1_116' title='bbox 1171 1467 1219 1497; x_wconf 89' lang='lat' dir='ltr'><strong>ut</strong></span> <span class='ocrx_word' id='word_1_117' title='bbox 1251 1457 1304 1497; x_wconf 88' lang='lat' dir='ltr'><strong>iis</strong></span> <span class='ocrx_word' id='word_1_118' title='bbox 1331 1458 1382 1497; x_wconf 88' lang='lat' dir='ltr'><strong>il-</strong></span> 
     </span>
    </p>

    <p class='ocr_par' dir='ltr' id='par_1_13' title="bbox 155 1536 1384 1588">
     <span class='ocr_line' id='line_1_18' title="bbox 155 1536 1384 1588; baseline 0 -8"><span class='ocrx_word' id='word_1_119' title='bbox 155 1538 342 1580; x_wconf 82' lang='lat' dir='ltr'><strong>lecebras</strong></span> <span class='ocrx_word' id='word_1_120' title='bbox 367 1538 489 1579; x_wconf 90' lang='lat' dir='ltr'><strong>etiam</strong></span> <span class='ocrx_word' id='word_1_121' title='bbox 522 1537 664 1588; x_wconf 87' lang='lat' dir='ltr'><strong>poesis</strong></span> <span class='ocrx_word' id='word_1_122' title='bbox 690 1537 837 1577; x_wconf 86' lang='lat' dir='ltr'><strong>addere</strong></span> <span class='ocrx_word' id='word_1_123' title='bbox 861 1537 1040 1578; x_wconf 70' lang='lat' dir='ltr'><strong>debeat?</strong></span> <span class='ocrx_word' id='word_1_124' title='bbox 1082 1536 1186 1587; x_wconf 82' lang='lat' dir='ltr'><strong>Ille,</strong></span> <span class='ocrx_word' id='word_1_125' title='bbox 1219 1537 1300 1578; x_wconf 89' lang='lat' dir='ltr'><strong>hoc</strong></span> <span class='ocrx_word' id='word_1_126' title='bbox 1323 1537 1384 1580; x_wconf 81' lang='lat' dir='ltr'><strong>ita</strong></span> 
     </span>
    </p>

    <p class='ocr_par' dir='ltr' id='par_1_14' title="bbox 157 1611 1382 1665">
     <span class='ocr_line' id='line_1_19' title="bbox 157 1611 1382 1665; baseline 0 -9"><span class='ocrx_word' id='word_1_127' title='bbox 157 1614 290 1656; x_wconf 88' lang='lat' dir='ltr'><strong>moris</strong></span> <span class='ocrx_word' id='word_1_128' title='bbox 315 1625 406 1654; x_wconf 81' lang='lat' dir='ltr'><strong>esse</strong></span> <span class='ocrx_word' id='word_1_129' title='bbox 429 1613 542 1665; x_wconf 85' lang='lat' dir='ltr'><strong>apud</strong></span> <span class='ocrx_word' id='word_1_130' title='bbox 567 1611 778 1662; x_wconf 73' lang='lat' dir='ltr'><strong>Latinos,</strong></span> <span class='ocrx_word' id='word_1_131' title='bbox 810 1612 872 1652; x_wconf 83' lang='lat' dir='ltr'><strong>sic</strong></span> <span class='ocrx_word' id='word_1_132' title='bbox 911 1611 1129 1663; x_wconf 82' lang='lat' dir='ltr'><strong>Antiquos</strong></span> <span class='ocrx_word' id='word_1_133' title='bbox 1165 1623 1206 1654; x_wconf 82' lang='lat' dir='ltr'><strong>et</strong></span> <span class='ocrx_word' id='word_1_134' title='bbox 1242 1625 1382 1656; x_wconf 84' lang='lat' dir='ltr'><strong>novos</strong></span> 
     </span>
    </p>

    <p class='ocr_par' dir='ltr' id='par_1_15' title="bbox 156 1685 1380 1741">
     <span class='ocr_line' id='line_1_20' title="bbox 156 1685 1380 1741; baseline 0.001 -9"><span class='ocrx_word' id='word_1_135' title='bbox 156 1688 394 1732; x_wconf 78' lang='lat' dir='ltr'><strong>factitasse.</strong></span> <span class='ocrx_word' id='word_1_136' title='bbox 468 1685 604 1741; x_wconf 86' lang='lat' dir='ltr'><strong>Quasi</strong></span> <span class='ocrx_word' id='word_1_137' title='bbox 636 1698 768 1738; x_wconf 82' lang='lat' dir='ltr'><strong>vero,</strong></span> <span class='ocrx_word' id='word_1_138' title='bbox 809 1685 978 1739; x_wconf 72' lang='lat' dir='ltr'><strong>inquit,</strong></span> <span class='ocrx_word' id='word_1_139' title='bbox 1023 1685 1206 1730; x_wconf 82' lang='lat' dir='ltr'><strong>Latinus</strong></span> <span class='ocrx_word' id='word_1_140' title='bbox 1241 1701 1380 1733; x_wconf 79' lang='lat' dir='ltr'><strong>sermo</strong></span> 
     </span>
    </p>

    <p class='ocr_par' dir='ltr' id='par_1_16' title="bbox 153 1762 1071 1815">
     <span class='ocr_line' id='line_1_21' title="bbox 153 1762 1071 1815; baseline 0 -9"><span class='ocrx_word' id='word_1_141' title='bbox 153 1763 324 1806; x_wconf 77' lang='lat' dir='ltr'><strong>honesti</strong></span> <span class='ocrx_word' id='word_1_142' title='bbox 360 1762 586 1813; x_wconf 85' lang='lat' dir='ltr'><strong>decorique</strong></span> <span class='ocrx_word' id='word_1_143' title='bbox 609 1762 773 1815; x_wconf 83' lang='lat' dir='ltr'><strong>legibus</strong></span> <span class='ocrx_word' id='word_1_144' title='bbox 805 1764 975 1806; x_wconf 87' lang='lat' dir='ltr'><strong>solutus</strong></span> <span class='ocrx_word' id='word_1_145' title='bbox 996 1765 1071 1810; x_wconf 90' lang='lat' dir='ltr'><strong>sit.</strong></span> 
     </span>
    </p>

    <p class='ocr_par' dir='ltr' id='par_1_17' title="bbox 151 1838 1377 2499">
     <span class='ocr_line' id='line_1_22' title="bbox 210 1838 1377 1890; baseline 0.009 -11"><span class='ocrx_word' id='word_1_146' title='bbox 210 1838 280 1880; x_wconf 91' lang='lat' dir='ltr'><strong>Ad</strong></span> <span class='ocrx_word' id='word_1_147' title='bbox 301 1838 408 1879; x_wconf 88' lang='lat' dir='ltr'><strong>hanc</strong></span> <span class='ocrx_word' id='word_1_148' title='bbox 437 1849 637 1878; x_wconf 86' lang='lat' dir='ltr'><strong>sensuum</strong></span> <span class='ocrx_word' id='word_1_149' title='bbox 664 1838 930 1881; x_wconf 82' lang='lat' dir='ltr'><strong>altitudinem</strong></span> <span class='ocrx_word' id='word_1_150' title='bbox 956 1841 1179 1885; x_wconf 85' lang='lat' dir='ltr'><strong>accedebat</strong></span> <span class='ocrx_word' id='word_1_151' title='bbox 1209 1856 1377 1890; x_wconf 82' lang='lat' dir='ltr'><strong>morum</strong></span> 
     </span>
     <span class='ocr_line' id='line_1_23' title="bbox 158 1914 1375 1971; baseline 0.006 -16"><span class='ocrx_word' id='word_1_152' title='bbox 158 1926 354 1967; x_wconf 62' lang='lat' dir='ltr'><strong>generosa</strong></span> <span class='ocrx_word' id='word_1_153' title='bbox 377 1915 576 1966; x_wconf 83' lang='lat' dir='ltr'><strong>quaedam</strong></span> <span class='ocrx_word' id='word_1_154' title='bbox 603 1914 857 1967; x_wconf 84' lang='lat' dir='ltr'><strong>simplicitas</strong></span> <span class='ocrx_word' id='word_1_155' title='bbox 882 1928 929 1957; x_wconf 85' lang='lat' dir='ltr'><strong>ac</strong></span> <span class='ocrx_word' id='word_1_156' title='bbox 951 1918 1143 1971; x_wconf 84' lang='lat' dir='ltr'><strong>puritas,</strong></span> <span class='ocrx_word' id='word_1_157' title='bbox 1174 1920 1227 1962; x_wconf 89' lang='lat' dir='ltr'><strong>ab</strong></span> <span class='ocrx_word' id='word_1_158' title='bbox 1254 1921 1375 1964; x_wconf 77' lang='lat' dir='ltr'><strong>omui</strong></span> 
     </span>
     <span class='ocr_line' id='line_1_24' title="bbox 160 1989 1376 2051; baseline 0.008 -19"><span class='ocrx_word' id='word_1_159' title='bbox 160 1990 350 2043; x_wconf 81' lang='lat' dir='ltr'><strong>superbia</strong></span> <span class='ocrx_word' id='word_1_160' title='bbox 383 1989 584 2043; x_wconf 87' lang='lat' dir='ltr'><strong>fastuque</strong></span> <span class='ocrx_word' id='word_1_161' title='bbox 611 1991 846 2044; x_wconf 77' lang='lat' dir='ltr'><strong>immun153</strong></span> <span class='ocrx_word' id='word_1_162' title='bbox 891 2002 936 2034; x_wconf 92' lang='lat' dir='ltr'><strong>ut</strong></span> <span class='ocrx_word' id='word_1_163' title='bbox 972 2004 1168 2049; x_wconf 86' lang='lat' dir='ltr'><strong>externa,</strong></span> <span class='ocrx_word' id='word_1_164' title='bbox 1214 1999 1376 2051; x_wconf 77' lang='lat' dir='ltr'><strong>quibus</strong></span> 
     </span>
     <span class='ocr_line' id='line_1_25' title="bbox 162 2066 1376 2126; baseline 0.008 -19"><span class='ocrx_word' id='word_1_165' title='bbox 162 2066 328 2120; x_wconf 64' lang='lat' dir='ltr'><strong>gloriari</strong></span> <span class='ocrx_word' id='word_1_166' title='bbox 354 2077 532 2120; x_wconf 86' lang='lat' dir='ltr'><strong>posset,</strong></span> <span class='ocrx_word' id='word_1_167' title='bbox 563 2068 697 2120; x_wconf 78' lang='lat' dir='ltr'><strong>bona,</strong></span> <span class='ocrx_word' id='word_1_168' title='bbox 729 2068 1024 2124; x_wconf 75' lang='lat' dir='ltr'><strong>nobilitatem,</strong></span> <span class='ocrx_word' id='word_1_169' title='bbox 1057 2071 1259 2126; x_wconf 65' lang='lat' dir='ltr'><strong>divitias»,</strong></span> <span class='ocrx_word' id='word_1_170' title='bbox 1296 2075 1376 2117; x_wconf 90' lang='lat' dir='ltr'><strong>ho·</strong></span> 
     </span>
     <span class='ocr_line' id='line_1_26' title="bbox 159 2145 1374 2203; baseline 0.008 -17"><span class='ocrx_word' id='word_1_171' title='bbox 159 2156 305 2198; x_wconf 81' lang='lat' dir='ltr'><strong>nores,</strong></span> <span class='ocrx_word' id='word_1_172' title='bbox 337 2145 508 2198; x_wconf 86' lang='lat' dir='ltr'><strong>gratiam</strong></span> <span class='ocrx_word' id='word_1_173' title='bbox 540 2146 751 2199; x_wconf 85' lang='lat' dir='ltr'><strong>aulicam,</strong></span> <span class='ocrx_word' id='word_1_174' title='bbox 783 2160 834 2189; x_wconf 87' lang='lat' dir='ltr'><strong>ne</strong></span> <span class='ocrx_word' id='word_1_175' title='bbox 858 2161 987 2191; x_wconf 88' lang='lat' dir='ltr'><strong>nosse</strong></span> <span class='ocrx_word' id='word_1_176' title='bbox 1015 2152 1184 2203; x_wconf 87' lang='lat' dir='ltr'><strong>quidem</strong></span> <span class='ocrx_word' id='word_1_177' title='bbox 1210 2154 1374 2196; x_wconf 75' lang='lat' dir='ltr'><strong>videre-2</strong></span> 
     </span>
     <span class='ocr_line' id='line_1_27' title="bbox 161 2226 1364 2274; baseline 0.011 -13"><span class='ocrx_word' id='word_1_178' title='bbox 161 2228 246 2264; x_wconf 62' lang='lat' dir='ltr'><strong>tur:</strong></span> <span class='ocrx_word' id='word_1_179' title='bbox 292 2234 414 2264; x_wconf 86' lang='lat' dir='ltr'><strong>unam</strong></span> <span class='ocrx_word' id='word_1_180' title='bbox 452 2234 597 2265; x_wconf 78' lang='lat' dir='ltr'><strong>nosset</strong></span> <span class='ocrx_word' id='word_1_181' title='bbox 635 2226 796 2266; x_wconf 84' lang='lat' dir='ltr'><strong>laudem</strong></span> <span class='ocrx_word' id='word_1_182' title='bbox 830 2226 1004 2268; x_wconf 86' lang='lat' dir='ltr'><strong>virtutis</strong></span> <span class='ocrx_word' id='word_1_183' title='bbox 1037 2241 1084 2271; x_wconf 85' lang='lat' dir='ltr'><strong>ac</strong></span> <span class='ocrx_word' id='word_1_184' title='bbox 1121 2230 1364 2274; x_wconf 81' lang='lat' dir='ltr'><strong>doctrinae:</strong></span> 
     </span>
     <span class='ocr_line' id='line_1_28' title="bbox 158 2297 1367 2360; baseline 0.011 -22"><span class='ocrx_word' id='word_1_185' title='bbox 158 2297 224 2338; x_wconf 87' lang='lat' dir='ltr'><strong>has</strong></span> <span class='ocrx_word' id='word_1_186' title='bbox 250 2298 361 2339; x_wconf 84' lang='lat' dir='ltr'><strong>solas</strong></span> <span class='ocrx_word' id='word_1_187' title='bbox 385 2300 469 2341; x_wconf 88' lang='lat' dir='ltr'><strong>sibi</strong></span> <span class='ocrx_word' id='word_1_188' title='bbox 497 2302 736 2354; x_wconf 86' lang='lat' dir='ltr'><strong>propositas</strong></span> <span class='ocrx_word' id='word_1_189' title='bbox 763 2302 957 2355; x_wconf 74' lang='lat' dir='ltr'><strong>liaberet,</strong></span> <span class='ocrx_word' id='word_1_190' title='bbox 985 2314 1026 2346; x_wconf 90' lang='lat' dir='ltr'><strong>et</strong></span> <span class='ocrx_word' id='word_1_191' title='bbox 1052 2315 1226 2358; x_wconf 82' lang='lat' dir='ltr'><strong>propter</strong></span> <span class='ocrx_word' id='word_1_192' title='bbox 1249 2307 1367 2360; x_wconf 78' lang='lat' dir='ltr'><strong>ipsas</strong></span> 
     </span>
     <span class='ocr_line' id='line_1_29' title="bbox 153 2367 1371 2433; baseline 0.009 -18"><span class='ocrx_word' id='word_1_193' title='bbox 153 2367 491 2429; x_wconf 67' lang='lat' dir='ltr'><strong>consectaretur,</strong></span> <span class='ocrx_word' id='word_1_194' title='bbox 510 2391 735 2432; x_wconf 85' lang='lat' dir='ltr'><strong>earumque</strong></span> <span class='ocrx_word' id='word_1_195' title='bbox 757 2380 978 2433; x_wconf 83' lang='lat' dir='ltr'><strong>adeptione</strong></span> <span class='ocrx_word' id='word_1_196' title='bbox 999 2391 1038 2424; x_wconf 90' lang='lat' dir='ltr'><strong>et</strong></span> <span class='ocrx_word' id='word_1_197' title='bbox 1059 2394 1181 2427; x_wconf 80' lang='lat' dir='ltr'><strong>suam</strong></span> <span class='ocrx_word' id='word_1_198' title='bbox 1207 2393 1248 2429; x_wconf 79' lang='lat' dir='ltr'><strong>et</strong></span> <span class='ocrx_word' id='word_1_199' title='bbox 1266 2385 1371 2427; x_wconf 38' lang='lat' dir='ltr'><strong>alio*</strong></span> 
     </span>
     <span class='ocr_line' id='line_1_30' title="bbox 151 2451 737 2499; baseline 0.007 -5"><span class='ocrx_word' id='word_1_200' title='bbox 151 2463 238 2494; x_wconf 80' lang='lat' dir='ltr'><strong>rum</strong></span> <span class='ocrx_word' id='word_1_201' title='bbox 270 2451 508 2495; x_wconf 83' lang='lat' dir='ltr'><strong>felicitatem</strong></span> <span class='ocrx_word' id='word_1_202' title='bbox 536 2466 737 2499; x_wconf 86' lang='lat' dir='ltr'><strong>censeret.</strong></span> 
     </span>
    </p>

    <p class='ocr_par' dir='ltr' id='par_1_18' title="bbox 207 2526 1369 2591">
     <span class='ocr_line' id='line_1_31' title="bbox 207 2526 1369 2591; baseline 0.003 -16"><span class='ocrx_word' id='word_1_203' title='bbox 207 2526 353 2575; x_wconf 67' lang='lat' dir='ltr'><strong>Talem</strong></span> <span class='ocrx_word' id='word_1_204' title='bbox 400 2540 481 2573; x_wconf 84' lang='lat' dir='ltr'><strong>nos</strong></span> <span class='ocrx_word' id='word_1_205' title='bbox 523 2539 625 2575; x_wconf 89' lang='lat' dir='ltr'><strong>tuuc</strong></span> <span class='ocrx_word' id='word_1_206' title='bbox 659 2544 751 2575; x_wconf 90' lang='lat' dir='ltr'><strong>eum</strong></span> <span class='ocrx_word' id='word_1_207' title='bbox 790 2533 1102 2591; x_wconf 69' lang='lat' dir='ltr'><strong>cognovimus,</strong></span> <span class='ocrx_word' id='word_1_208' title='bbox 1143 2546 1183 2580; x_wconf 87' lang='lat' dir='ltr'><strong>et</strong></span> <span class='ocrx_word' id='word_1_209' title='bbox 1222 2546 1369 2591; x_wconf 72' lang='lat' dir='ltr'><strong>postea</strong></span> 
     </span>
    </p>

    <p class='ocr_par' dir='ltr' id='par_1_19' title="bbox 778 2608 1379 2665">
     <span class='ocr_line' id='line_1_32' title="bbox 778 2608 1379 2665; baseline -0.01 -7"><span class='ocrx_word' id='word_1_210' title='bbox 778 2608 812 2654; x_wconf 84' lang='grc' dir='ltr'><strong>Ρ</strong></span> <span class='ocrx_word' id='word_1_211' title='bbox 843 2623 871 2665; x_wconf 80' lang='lat'>4</span> <span class='ocrx_word' id='word_1_212' title='bbox 1267 2614 1379 2656; x_wconf 48' lang='lat' dir='ltr'><strong>{uim</strong></span> 
     </span>
    </p>
   </div>
  </div>
 </body>
</html>
