1693 3110
240 165 327 216 72'4
436 157 617 206 1NDEx
645 158 992 217 UTRIUSQUE
1023 150 1384 209 VOLUMINm.

237 281 497 327 VALERII
538 296 759 326 SORANI
801 284 960 326 dictum
996 283 1047 324 de
1089 283 1196 338 Jove
1243 286 1365 327 unico
1407 282 1527 339 Deo,
1566 297 1597 330 a

289 355 500 407 Varrone,
530 356 634 397 illud
670 357 897 408 probante,
929 365 1198 398 memoratur.
1230 358 1284 398 II.
1316 368 1412 411 403.

234 423 379 465 Variae
413 425 637 468 Lectiones
667 425 711 467 in
732 424 1018 468 Plutarchum.
1050 423 1154 467 Vid.
1186 423 1436 468 Plutarchus
1459 437 1498 470 et
1522 427 1595 471 In·

283 494 409 538 dices.
1027 500 1033 504 ’
1363 540 1366 542 ,

228 564 539 623 VELLEJUS
582 577 983 610 PATERcuLus
1026 579 1048 609 a
1079 563 1335 611 Ruhnkenio
1370 568 1527 612 editus.
1554 571 1591 618 1.

280 638 359 692 687
391 652 455 690 sq.
485 647 585 694 715.
615 639 777 680 emend.
806 639 841 681 Ι.
870 649 966 691 732.

227 706 449 750 Venaticae
490 709 570 750 Rei
604 710 872 762 scriptoreszg
900 719 971 751 eos
1014 706 1131 751 edere
1171 706 1218 751 in
1258 707 1401 752 animo
1440 709 1590 754 habuit

283 776 582 821 Ruhnkenius.
616 782 649 822 Ι,
683 778 781 832 785.
1520 771 1526 775 ’

222 847 447 891 Venatoria
479 848 681 891 vocabula
713 849 764 890 de
798 849 992 892 veritatis
1015 849 1339 904 investigatione
1378 850 1584 894 adhibita.

277 921 311 963 Ι.
342 932 410 975 45.
445 920 495 961 de
523 921 646 962 rebus
677 920 903 964 amatoriis.
936 924 972 963 Ι.
1001 921 1074 975 56.

218 990 363 1032 Venti.
422 989 550 1032 Ratio
588 990 786 1032 Veterum
823 993 872 1033 de
905 994 1060 1036 ventis.
1093 995 1150 1036 11.
1187 993 1284 1037 261.

218 1060 436 1103 Versionis
481 1061 656 1104 Latinae
701 1064 852 1105 officia.
891 1063 928 1105 Ι.
967 1064 1061 1117 381.
1106 1065 1195 1118 ejus
1231 1063 1336 1106 ratio
1383 1065 1432 1106 in·
1467 1063 1583 1109 Edit.

274 1132 505 1174 Plutarchi.
540 1134 574 1176 1.
605 1146 688 1190 429
716 1148 819 1188 sqq.-

214 1201 376 1244 Versus
418 1203 599 1246 Latinos
638 1204 802 1257 facere,
842 1217 895 1248 an
945 1211 987 1246 et
1040 1203 1200 1256 quibus
1241 1203 1383 1248 liceat.
1425 1205 1484 1248 II.
1529 1213 1583 1262 47

271 1286 371 1328 sqq.
435 1273 680 1315 Ruhnkenii
710 1287 753 1314 ea
784 1276 833 1315 de
866 1288 906 1316 re
932 1276 1138 1326 judicium
1171 1276 1204 1317 Ι,
1237 1287 1318 1329 750
1343 1289 1414 1329 sq.

212 1343 366 1387 VtLL
384 1355 585 1387 OISONI
617 1342 755 1382 literae
783 1344 833 1384 ad
861 1342 1161 1383 Ruhnkenium
1188 1345 1238 1383 de
1262 1346 1419 1386 edendo
1444 1346 1577 1397 Apol·

269 1413 373 1453 lonii
405 1411 582 1453 Lexico.
616 1409 651 1454 1.
687 1411 784 1465 676.
844 1411 1050 1462 sententia
1085 1413 1135 1452 de
1170 1413 1336 1462 Amyoti
1379 1414 1583 1465 interpre⁴

266 1483 426 1525 tatione
457 1480 668 1523 Plutarch-i
697 1480 876 1523 Gallica.
904 1482 940 1522 I.
991 1493 1087 1534 379.
1148 1480 1439 1524 Sanctocrucii
1470 1496 1583 1536 opus

269 1556 320 1597 de
356 1555 577 1608 Mysteriis
621 1554 817 1595 Veterum
850 1551 948 1594 edit.
982 1550 1040 1594 ΙΙ.
1073 1561 1171 1603 233.
1203 1561 1299 1590 cum
1329 1562 1379 1591 eo
1409 1558 1582 1606 compa.

264 1637 394 1669 ratur.
440 1630 496 1670 ΙΙ.
531 1636 630 1679 230.
691 1623 936 1667 Ruhnken-ii
972 1620 1179 1676 judicium
1219 1619 1269 1662 de
1310 1633 1377 1665 eo.
1408 1623 1447 1664 Ι.
1480 1637 1575 1683 757.

265 1699 358 1751 ejus
390 1697 533 1739 obitus
566 1704 606 1737 et
636 1693 851 1737 memoria.
883 1694 944 1735 ΙΙ.
973 1703 1027 1745 74
1060 1702 1163 1743 sqq.

203 1766 491 1810 'Vt-Romu
534 1778 680 1807 versus
723 1767 773 1807 de
824 1775 1024 1817 supremo
1074 1764 1189 1806 Deo.
1226 1764 1287 1807 11..
1334 1777 1432 1821 403.
1482 1766 1575 1808 loca

261 1852 285 1880 e
320 1839 581 1891 Pythagorae
620 1836 808 1878 doctrina
847 1845 1053 1886 expressa.
1104 1836 1162 1876 11.
1197 1835 1305 1888 516,
1338 1847 1446 1890 529,
1476 1849 1572 1891 540.

260 1912 311 1953 de
349 1910 580 1951 animorum
623 1904 936 1950 immortalitate
977 1902 1110 1958 magis
1151 1915 1197 1946 ut
1237 1907 1365 1949 Poeta
1389 1936 1405 1957 ‚
1448 1918 1575 1958 quam

259 1992 309 2024 ut
345 1978 662 2031 Philosophus,
702 1976 875 2019 cecinit.
905 1979 965 2020 ΙΙ.
997 1977 1095 2033 649.
1138 1978 1258 2019 locus
1288 1989 1311 2017 e
1341 1975 1573 2018 Theocrito

258 2052 431 2094 ductus.
465 2051 498 2091 Ι.
537 2048 638 2104 634.

200 2121 394 2163 Virtutes
426 2132 571 2175 genere
604 2127 800 2171 quatuor.
834 2118 892 2161 II.
933 2119 1032 2174 267.

200 2192 389 2234 Virtutis
411 2221 425 2241 ‚
455 2188 723 2241 honestatis,
754 2197 793 2230 et
824 2202 944 2232 verae
980 2189 1280 2243 pulcritudinis
1310 2187 1567 2241 procreatrix

252 2260 548 2312 Philosophia.
583 2263 624 2303 Ι.
661 2261 913 2316 142-146.

198 2355 254 2366 ...
335 2352 391 2361 -
449 2329 638 2371 studium
704 2342 952 2384 magnopere
1001 2333 1222 2388 adjuvatur
1280 2331 1564 2374 Historia-rum

254 2403 514 2457 cognitione.
548 2405 585 2446 1.
622 2415 884 2458 190-215-

199 2475 298 2518 Vita
328 2486 440 2517 mors
470 2482 561 2516 est:
596 2486 617 2516 c
649 2474 852 2516 sententia
883 2474 1103 2518 Heracliti.
1134 2475 1190 2517 11.
1225 2486 1323 2532 555.

1458 2537 1564 2584 Uni·
