1693 3110
343 147 425 203 506
642 126 1233 190 DISPUTATIO

161 277 291 327 Secta-1.
342 267 459 309 litate
490 265 687 308 disertius
714 266 915 309 statuisse
940 267 1120 311 videtur.
1181 267 1398 320 Dicimus,
1437 270 1552 313 vido-

154 319 324 400 fflssssigffi
344 354 448 398 tur;
480 355 573 384 nam
600 353 710 384 certa
745 344 833 397 eJ'us
858 346 914 386 rei
948 355 1214 387 monumenta
1247 357 1333 387 non
1367 356 1547 389 exstant.

156 412 221 438 ¹³⁵·
344 418 439 458 Sint
482 416 591 460 forte
641 431 848 472 quoque,
896 422 968 472 qui
1011 430 1160 474 negent
1208 432 1299 461 eum
1345 421 1549 473 praeclare

341 495 494 537 dehoc
518 496 612 537 loco
640 498 837 541 sensisse.
897 495 1006 538 Nam
1044 497 1224 548 primum
1262 496 1429 548 quidem
1454 494 1552 538 Pla·

342 581 389 613 to
419 584 510 614 eum
536 572 579 614 in
603 572 784 626 Dialogo
816 572 1060 624 Phaedone,
1091 571 1167 624 qui
1200 581 1264 613 est
1300 575 1351 614 de
1381 574 1551 616 immor÷

344 649 536 701 talitate,
574 645 865 702 reprehendit,
897 650 1014 701 quod
1040 660 1169 701 quum
1195 648 1354 702 egregie
1377 648 1550 690 statuis-

348 735 413 767 set
429 756 443 777 ,
468 724 720 767 Universum
744 737 765 765 a
791 735 927 768 mente
953 726 1174 779 gubernari
1199 733 1240 767 et
1262 725 1548 768 constitutum

348 813 442 843 esse
463 803 624 854 optima
649 803 810 845 ratione
827 832 842 855 ,
875 814 1010 845 tamen
1035 804 1076 845 in
1109 803 1355 856 explicando
1379 803 1550 843 demon-

346 881 608 932 strandoque
639 880 719 921 hoc
757 880 914 933 placito
940 881 1001 921 nil
1025 879 1232 932 effecerit,
1263 879 1380 932 quod
1405 887 1552 932 operae

338 956 518 1007 pretium
546 967 686 1009 esset3
722 956 807 999 vid.
837 955 940 999 piar.
965 957 1117 1000 Phaed.
1155 972 1198 1011 p.
1226 969 1321 1011 393.
1383 954 1547 996 Deinde

339 1031 532 1082 Scriptor
575 1033 624 1074 de
665 1033 835 1074 placitis
870 1032 1031 1075 Philos.
1070 1032 1147 1074 IV.
1190 1043 1233 1086 3.
1285 1041 1325 1073 et
1374 1030 1432 1072 V.
1473 1038 1546 1080 25.

341 1105 550 1159 eiusmodi
576 1108 846 1161 Anaxagorae
875 1107 1101 1149 sententias
1131 1106 1284 1158 refert,
1315 1117 1420 1158 quae
1447 1102 1552 1145 Ani,

341 1194 506 1224 morum
545 1183 895 1226 immortalitatem
933 1185 1101 1227 tollant.
1170 1183 1253 1225 Sed
1294 1182 1366 1223 hae
1389 1180 1553 1227 dubitas

342 1257 482 1298 tiones
515 1256 636 1298 facile
670 1258 924 1300 solvuntur:
969 1267 1009 1298 et
1045 1270 1149 1310 quae
1192 1269 1240 1297 ex
1270 1254 1455 1297 Platonis
1488 1266 1550 1294 re-

341 1333 618 1387 prehensione
657 1334 827 1376 ducitur
851 1335 1059 1377 dubitatio
1095 1335 1205 1377 haud
1229 1332 1436 1374 difficilem
1474 1331 1548 1373 ha-

337 1408 407 1450 bet
438 1409 777 1460 responsionem.
838 1411 920 1452 Hic
952 1412 1059 1451 enim
1094 1411 1383 1463 Anaxagoram
1414 1419 1547 1460 repre-

335 1484 481 1526 hendit
528 1484 577 1525 de
618 1485 699 1526 aliti
734 1497 804 1537 re,
848 1498 936 1527 non
967 1487 1017 1527 de
1049 1486 1197 1539 negata
1229 1494 1300 1525 aut
1333 1484 1552 1525 labefacta«

341 1562 384 1602 ta
408 1559 743 1602 immortalitate:
779 1573 901 1613 quam
926 1561 963 1603 si
988 1569 1180 1615 negasset
1210 1569 1282 1601 aut
1307 1559 1552 1601 labefactas-

336 1646 428 1688 δεῖ,
469 1637 619 1689 Plato,
661 1639 704 1679 in
748 1638 828 1679 hoc
863 1638 958 1689 ipso
1001 1645 1247 1690 argumento
1295 1645 1334 1677 et
1370 1637 1414 1678 in
1459 1635 1554 1689 ipsa

335 1713 605 1765 Anaxagorae
653 1712 972 1764 reprehensione
1021 1724 1222 1764 versans,
1265 1712 1370 1753 illud
1409 1712 1554 1755 addere

334 1799 377 1829 et
409 1799 733 1830 commemorare
771 1800 857 1830 non
897 1788 1128 1831 omisisset.
1193 1789 1321 1843 Quod
1343 1798 1476 1833 autem
1504 1801 1554 1832 ex

338 1865 551 1917 Scriptore
576 1867 626 1906 de
656 1865 770 1906 Piae.
799 1864 909 1907 Phil.
945 1866 1144 1918 repetitur
1170 1866 1343 1914 dubium
1361 1895 1376 1918 ,
1408 1865 1555 1913 critica

338 1941 694 1984 animadversione
723 1941 913 1982 diluitur.
973 1940 1091 1985 Prior
1124 1942 1246 1982 locus
1279 1950 1344 1981 est
1376 1940 1451 1982 IV.
1493 1953 1548 1993 3:

337 2021 371 2067 οἱ
405 2016 441 2062 δ’
475 2022 556 2063 ἀπὸ
589 2018 862 2071 Ἀναξαγόραν
887 2020 1054 2070 ἀεροειδῆ
1079 2020 1217 2069 ἔλεγόν
1247 2034 1294 2061 τε.
1321 2017 1387 2060 καὶ
1417 2021 1553 2071 σῶμα·

338 2098 370 2140 i.
397 2110 432 2139 e.
479 2128 505 2150 „
530 2099 811 2152 Anaxagom
837 2106 975 2137 autem
1009 2096 1211 2138 dixerunt
1246 2098 1433 2137 animam
1471 2108 1553 2137 esse

340 2176 511 2217 acinam
553 2183 592 2216 ct
630 2173 828 2230 corsus?
907 2174 1042 2225 Atqui
1088 2174 1291 2215 stobaeus
1323 2174 1364 2215 in
1396 2175 1556 2229 Eclog.

341 2251 512 2304 Physic.
531 2281 545 2303 ‚
577 2252 651 2304 qui
683 2264 732 2292 cx
762 2251 906 2293 iisdem
946 2251 1136 2293 fontibus
1160 2263 1235 2292 sua
1262 2251 1428 2303 hausit,
1459 2264 1554 2294 cor-

337 2341 417 2387 pus
441 2329 624 2379 omittit,
655 2329 711 2370 ita
751 2330 917 2380 quidem
947 2338 994 2369 ut
1022 2336 1213 2380 apparent
1239 2340 1332 2369 eum
1360 2328 1556 2370 habuisse

344 2415 521 2447 veterem
556 2407 741 2447 codicem
783 2407 1041 2459 pleniorem:
1073 2405 1127 2446 ita
1163 2405 1270 2447 enim
1301 2405 1425 2447 refert
1450 2415 1549 2458 pag.

345 2497 419 2540 93.
455 2481 764 2538 Ἀναξαγόρας,
806 2485 1090 2538 Ἀναξιμένης,
1133 2486 1378 2539 Ἀρχέλαος,
1411 2482 1589 2542 moys-4

1460 2572 1551 2610 fiir,
