1693 3110
250 173 331 220 116
411 163 873 213 PROLEGOMENA
901 174 963 204 Ex
991 162 1282 209 EDITIONE'·

252 297 362 340 itum
397 293 440 333 in
473 290 599 332 alium
637 292 806 328 statum.
865 285 1007 339 Hujus
1045 285 1220 327 rationis
1244 285 1466 329 efficaciam
1500 313 1504 318 ·

254 366 421 423 egregie
453 361 667 417 perspexit
699 370 828 412 atque
867 359 1073 413 explicuit
1106 359 1471 414 Mendelsohnus,

259 438 598 495 elegantissimus
624 434 944 489 philosophus,
976 435 1018 476 in
1048 435 1190 477 libello
1230 436 1279 477 de
1301 438 1479 478 Immor-

261 518 449 567 taliane,
480 511 719 555 Phaedonis
739 511 908 553 nomine
929 511 1154 563 appellato.
1209 510 1321 563 Nam
1344 523 1478 563 quum

261 593 404 642 omnis
437 592 481 632 in
512 602 648 631 rerum
683 590 830 630 natura
864 588 1043 629 mutatio
1089 587 1162 629 fiat
1203 588 1406 641 paulatim
1442 595 1485 628 et

261 668 531 714 successione
564 667 798 720 graduum,
839 664 1017 705 mutatio
1054 664 1222 715 quidem
1263 677 1336 716 ea,
1374 675 1483 716 quae

259 746 313 790 fit
345 758 394 787 ex
423 744 510 785 vitai
541 743 584 784 in
620 751 823 792 mortem,
855 740 898 781 id
932 749 1024 791 est,
1057 752 1105 781 ex
1131 753 1178 780 re
1201 740 1245 781 in
1272 741 1484 792 nihilum,

264 835 352 865 non
377 820 423 862 fit
450 817 721 860 successione
749 819 984 870 graduum:
1020 826 1061 858 et
1096 817 1368 868 quantumvis
1401 828 1487 858 rem

263 900 462 950 minuas‚
490 905 655 948 semper
676 894 819 937 eodem
842 893 1064 935 intervallo
1089 892 1112 934 31
1138 892 1273 934 nihilo
1296 892 1490 935 distabit.

264 978 404 1037 Igitur
423 976 604 1020 Animus
631 983 800 1016 naturae
834 971 997 1014 viribus
1022 971 1231 1028 exstingui
1252 969 1451 1023 nequit.”

324 1056 521 1099 Tertium
557 1061 897 1106 superstructum
941 1059 1005 1091 est
1040 1048 1209 1090 duobus
1244 1047 1494 1089 fundamen-

266 1135 354 1187 tis,
385 1140 502 1176 certo
526 1139 566 1173 et
587 1131 766 1172 incerto.
812 1129 988 1169 Certum
1017 1135 1081 1168 est
1101 1134 1141 1183 et
1165 1125 1189 1167 a
1215 1122 1492 1176 philosophis

268 1223 366 1252 cum
404 1207 629 1250 Veteribus
663 1215 751 1247 tum
789 1202 1118 1262 Recentimibus
1150 1201 1407 1255 probatum,
1446 1198 1492 1239 in

269 1288 422 1330 natura
447 1284 510 1325 nil
532 1293 693 1325 novum
717 1280 819 1334 oriri
846 1279 1118 1322 nec-interire
1141 1277 1398 1329 quidquam:
1429 1274 1493 1316 in·

268 1362 445 1403 teritum
466 1369 507 1401 et
531 1367 671 1400 ortum
694 1367 781 1399 non
804 1353 893 1396 fieri
918 1365 969 1395 ex
994 1353 1131 1395 nihilo
1156 1362 1195 1392 et
1220 1351 1262 1393 in
1285 1350 1494 1401 nihilum,

276 1437 351 1480 sed
373 1434 689 1488 compositione
712 1443 757 1472 ac
783 1429 1069 1472 dissolutione
1099 1429 1297 1482 partium.
1359 1429 1498 1468 Incer-

274 1523 367 1556 tum
392 1521 485 1563 est,
515 1509 697 1552 Animos
721 1519 867 1550 omnes
889 1507 971 1560 ¹jam
994 1515 1113 1547 antea
1132 1503 1269 1545 fuisse
1295 1513 1418 1554 quam
1445 1482 1511 1542 in¹

277 1592 478 1646 Corpora
501 1588 720 1637 venirent,
751 1596 826 1646 nec
852 1583 919 1625 vel
953 1583 1003 1623 ab
1035 1581 1133 1634 ipso
1157 1580 1250 1621 Deo
1274 1578 1400 1620 creari
1422 1589 1501 1619 no-

279 1682 362 1712 vos
394 1667 609 1718 Auitum,
651 1675 726 1706 nec
766 1662 941 1704 existere
975 1659 1151 1711 quadam
1192 1654 1504 1709 compositione

282 1745 496 1790 materiae.
552 1741 636 1783 Sed
658 1740 873 1788 Animos,
904 1736 1112 1789 siquidem
1146 1735 1169 1775 a
1200 1734 1290 1774 Deo
1314 1740 1507 1773 creentur

282 1820 528 1869 continuo,
571 1828 658 1859 non
697 1813 866 1856 interire
907 1822 1006 1852 cum
1053 1808 1322 1860 Corporibus
1357 1817 1507 1847 conse-

289 1898 440 1950 quitur
462 1907 561 1937 cum
589 1905 639 1935 ex
660 1890 824 1942 reliqua
858 1886 1048 1930 Platonis
1082 1884 1304 1934 doctrina,
1335 1891 1422 1923 tum
1457 1894 1509 1925 ex

287 1976 341 2017 ea
376 1974 468 2027 ejus
501 1979 648 2024 parte,
681 1977 788 2020 quae
823 1973 888 2006 est
921 1964 971 2005 de
1002 1960 1288 2003 Providentia.
1346 1956 1513 2012 Igitur,

286 2060 339 2093 ut
370 2049 453 2090 hoc
482 2047 803 2090 fundamentum
834 2053 884 2083 ex
921 2040 1083 2081 incerto
1117 2045 1278 2078 certum
1305 2034 1406 2086 fiat,
1438 2034 1508 2074 de-

288 2126 611 2169 monstrandum
636 2131 724 2174 cst,
751 2118 897 2164 Animi
922 2117 1007 2160 vim
1032 2112 1244 2169 cogitandi
1268 2124 1355 2155 non
1383 2122 1513 2164 posse

293 2203 393 2246 oriri
429 2214 479 2243 ex
521 2198 837 2253 compositione
880 2194 1064 2250 partium
1099 2188 1306 2233 materiae,
1382 2186 1514 2242 Quod

294 2288 416 2324 sexto
438 2281 702 2332 Argumento
727 2274 933 2318 conficere
955 2271 1096 2314 studet
1114 2267 1253 2310 Plato.

354 2356 562 2411 Quartum
597 2367 645 2395 eo
675 2353 815 2404 valet,
846 2359 896 2392 ut
927 2347 1200 2394 ostendatur,
1230 2340 1409 2390 Animos
1428 2339 1514 2393 iam

298 2442 546 2484 anteaquam
581 2431 623 2472 in
657 2430 851 2484 Corpora
886 2425 1104 2474 venirent,
1145 2420 1341 2463 notiones
1378 2428 1512 2458 rerum

301 2509 560 2555 universales
581 2507 796 2552 habuisse.
856 2502 987 2563 Quod
1017 2499 1187 2556 quidem
1214 2503 1380 2539 acutum
1398 2523 1411 2547 ,
1436 2504 1513 2534 nce

1452 2578 1517 2614 ta·
