1693 3110
143 219 172 262 6
177 221 198 263 8
204 232 229 262 2
356 215 540 260 INDEX
568 212 918 270 UTRIUSQUE
949 211 1304 260 VOLUMINIS.

149 336 436 392 Eloquentia,
468 351 660 392 germana
682 336 986 391 Philosophiae
1019 336 1119 380 filia.
1151 336 1187 383 Ι,
1225 336 1297 390 148
1329 347 1399 388 sq.

143 413 296 458 Ἐλπις
326 412 459 460 καλὴ,
489 413 747 466 γηρότροφος.
780 411 816 452 Ι.
854 420 919 463 35.

144 480 395 529 Emendatio
420 483 656 523 Auctorum
693 481 909 525 Veterum.
966 479 1085 534 Quae
1115 476 1201 519 sint
1236 475 1324 529 ejus
1351 472 1510 518 instru÷

206 561 359 594 menta.
388 549 426 595 I.
465 563 542 606 277
578 562 677 603 sqq.

151 645 263 663 ‹--
294 646 402 656 ---
434 622 546 676 EJ‘us
579 623 666 667 duo
703 620 876 674 fontes,
909 621 1139 665 auctoritas
1175 629 1361 663 veterum
1385 617 1518 661 libro-

207 707 331 746 rum,
365 703 405 735 et
434 696 700 748 conjecturae
726 693 1018 745 probabilitas.
1045 695 1082 735 Ι.
1117 694 1198 745 285
1227 704 1324 743 sqq.

152 788 265 805 -—-
293 789 406 799 ...-„
434 765 595 806 Modus
642 773 681 803 et
728 763 833 804 ratio
880 763 1182 804 emendationis
1221 764 1264 804 in
1305 759 1523 804 Plutarchi

209 839 365 884 Moral.
391 844 593 879 contextu
632 833 781 875 factae.
822 833 855 876 I.
896 846 978 888 405
1002 845 1099 885 sqq.
1133 834 1317 887 ejusdem
1343 833 1387 875 in
1410 832 1526 875 notis

210 907 429 952 contextui
463 902 664 958 subjectis
697 904 901 955 proditae.
934 907 967 946 1„
1002 918 1082 960 427
1119 918 1219 958 sqq.

156 1002 264 1019 .-
298 1003 410 1012 --—
438 975 644 1026 Exempla
679 975 980 1019 emendationis
1016 988 1038 1021 e
1060 976 1297 1022 Literarum
1331 974 1531 1019 similitu-

216 1051 310 1092 dine
342 1049 508 1090 ductae.
544 1048 582 1087 1.
622 1045 676 1099 64
712 1057 815 1096 sqq.

161 1145 273 1154 -—-
304 1144 414 1152 --
444 1116 675 1159 Emendata
702 1114 864 1166 editio,
899 1127 1019 1167 quae,
1047 1117 1082 1158 Ι.
1116 1115 1212 1168 386.

162 1214 274 1227 .--
303 1214 417 1224 --—-
445 1186 704 1232 Emendandi
746 1185 878 1228 libido
924 1185 969 1227 in
1003 1186 1235 1242 juvenibus
1283 1188 1528 1235 coercenda.

218 1262 251 1305 1·
291 1272 391 1316 745·

162 1330 483 1376 Emendationis
525 1336 565 1369 et
597 1324 966 1378 Interpretationis
1005 1327 1205 1379 materia,
1240 1339 1335 1368 cum
1369 1330 1416 1368 in
1451 1330 1538 1383 ipso

219 1402 425 1454 scriptore
445 1408 532 1438 tum
556 1398 601 1436 in
630 1395 729 1436 aliis
753 1406 867 1436 extra
893 1408 985 1436 eum
1013 1400 1165 1447 posita.
1194 1399 1255 1436 Π.
1298 1408 1363 1437 11.

168 1489 283 1504 ,Μ
381 1491 488 1503 --
518 1467 645 1508 Ratio
671 1466 858 1511 habenda
879 1465 1080 1507 dictionis
1100 1494 1115 1517 ,
1144 1466 1359 1517 materiae,
1388 1474 1428 1507 et
1452 1464 1543 1508 for-

225 1553 328 1584 mae.
364 1539 422 1581 11.
450 1552 493 1582 11
521 1551 618 1591 sqq.

166 1613 606 1657 EMPEDOCLES.
666 1608 776 1664 Ejus
822 1608 872 1650 de
908 1606 1074 1650 Natura
1120 1607 1274 1653 Divina
1317 1605 1543 1649 sententia.

226 1694 284 1736 ΙΙ.
323 1687 418 1741 387«

171 1788 285 1804 ...-
344 1780 459 1792 ---
509 1773 623 1788 ---
660 1751 768 1806 Ejus
787 1749 978 1793 doctrina
1002 1751 1052 1792 de
1083 1751 1218 1795 anima
1254 1757 1294 1793 et
1331 1747 1545 1788 immorta-

229 1838 362 1879 litate.
387 1829 444 1871 Π.
464 1838 545 1882 527
574 1835 675 1875 sqq.

172 1930 283 1945 ...-
334 1921 446 1934 ..--
488 1918 599 1930 -—-
642 1893 815 1936 Poetam
874 1894 1006 1947 magis
1055 1904 1181 1946 quam
1234 1891 1545 1944 Philosophum

232 1978 329 2030 egit.
352 1972 401 2015 ΙΙ,
430 1981 512 2024 529
536 1978 605 2017 sq.

176 2046 450 2098 Ἐννσιογονίοι.
478 2039 534 2081 11.
567 2038 658 2091 187.

174 2119 259 2177 Jo.
301 2121 647 2158 ENscueDEI
690 2108 870 2150 Dissert.
922 2106 971 2148 de
1021 2105 1190 2147 Tutelis
1230 2114 1269 2147 et
1301 2105 1552 2161 Insignibus

236 2187 448 2233 Navium,
479 2182 618 2223 Praes.
650 2177 926 2219 Ruhnkenio.
956 2176 990 2217 I.
1018 2177 1116 2219 662.

178 2262 325 2306 Epic
346 2270 372 2297 11
387 2268 413 2295 A
428 2267 456 2294 R
474 2265 622 2303 MUS„
655 2249 915 2303 Pythagorae
950 2246 1179 2289 doctrinam
1224 2247 1266 2289 in
1300 2248 1465 2292 theatro
1488 2261 1556 2293 ex.

240 2327 409 2372 hibuit:
445 2326 535 2379 ejus
570 2322 773 2365 sententia
796 2322 845 2361 de
871 2319 1020 2362 anima.
1043 2317 1096 2361 ΙΙ.
1123 2331 1201 2373 537
1230 2332 1325 2371 sqq.

185 2424 291 2440 --
350 2418 462 2432 ---
521 2418 629 2426 ——-
663 2393 821 2435 dictum
860 2391 948 2444 ejus
969 2393 1364 2442 ffis'uvm'oima-nrv.
1397 2389 1430 2432 Ι.
1456 2403 1553 2447 770,

185 2472 554 2515 EDICTETUS
592 2462 758 2505 Arriani
793 2462 905 2502 laud.
943 2462 977 2503 1.
1012 2461 1082 2510 18,
1116 2472 1183 2503 22.
1226 2462 1388 2502 emcnd-
1423 2461 1457 2502 Ι.
1484 2473 1558 2516 45.

189 2544 292 2588 E121
311 2553 337 2581 c
356 2550 541 2586 URUS,
574 2536 749 2589 eJ'usque
783 2542 1038 2583 sectatores,
1068 2531 1374 2574 Providentiam
1404 2542 1445 2573 et
1471 2533 1565 2574 ani-

250 2615 308 2658 mi
331 2605 684 2654 immortalitatem
715 2605 995 2648 sustulerunt.
1030 2600 1084 2646 11.
1109 2603 1206 2657 634.

1441 2673 1575 2720 EP1-

1674 1370 1680 1403 i
