1693 3110
441 186 550 229 AD
616 182 1144 232 HeusmUM.
1351 196 1409 244 27

193 322 272 365 per
292 317 429 351 totum
457 306 589 349 Medii
611 305 732 348 Aevii
757 305 939 358 spatium
958 336 973 358 ‚
1007 308 1183 351 subinde
1205 321 1291 352 non
1319 323 1411 352 mo-

197 387 253 429 do
286 399 308 427 a
332 384 506 426 Graecis
529 391 759 432 tractatos,
793 381 866 422 sed
901 382 953 423 ab
988 383 1202 426 Arabibus
1229 395 1267 425 et
1294 385 1415 427 Lati-

198 461 268 506 nis
294 462 336 504 in
373 473 468 502 suas
505 459 696 508 utrisque
727 457 892 510 linguas
921 469 1152 501 conversos
1185 469 1224 502 et
1263 461 1414 505 insano

199 539 347 583 studio
377 539 535 580 culros.
597 534 732 587 Igitur
757 534 831 586 qui
870 533 1079 586 hodieque
1114 547 1282 579 exstant
1316 538 1416 580 libri

198 614 448 661 Aristotelis
484 613 527 654 in
567 624 714 666 genere
746 610 944 664 Logico‚
987 610 1170 662 Ethico,
1201 613 1419 667 Physico‚

197 690 325 743 longe
347 691 566 731 maximam
593 697 749 740 partem
772 696 872 728 sunt
897 686 1190 730 acroamatici:
1220 690 1424 731 exoterici

200 767 415 817 perierunt
441 763 642 815 plurimi,
669 763 711 804 in
739 763 806 804 his
831 763 953 804 etiam
979 761 1188 804 I-Iistorici
1210 764 1341 806 veluti
1358 764 1426 805 De

204 840 573 893 Rebuspublicis‚
605 849 645 880 et
680 837 867 891 Dialogi.
930 837 986 878 Et
1020 850 1070 879 ex
1100 838 1167 879 his
1205 839 1307 880 adeo
1334 851 1424 882 non

200 918 289 961 nisi
329 919 415 959 duo
450 916 602 960 servati
641 924 742 958 sunt
776 913 991 968 longiores
1031 914 1143 966 loci,
1176 928 1251 958 nec
1284 927 1424 959 tamen

203 996 311 1037 satis
353 995 403 1037 ad
436 993 699 1036 Aristotelici
737 991 914 1033 formam
950 991 1121 1046 Dialogi
1160 1004 1422 1046 cognoscen-

204 1074 326 1115 dam:
368 1072 497 1122 alter,
541 1083 589 1113 ex
622 1070 846 1120 Eudemo,
878 1069 949 1110 cui
990 1069 1099 1111 libro
1131 1080 1426 1123 argumentum

205 1147 291 1189 fuit
314 1148 396 1199 περὶ
422 1152 558 1201 ψυχῆς
577 1176 593 1197 ‚
627 1156 819 1188 servatus
846 1158 866 1187 a
888 1146 1117 1188 Plutarcho
1141 1147 1183 1188 in
1210 1147 1431 1190 Consola-

206 1221 325 1263 tione
347 1222 397 1263 ad
423 1220 704 1273 Apollmium
735 1233 777 1272 p.
812 1233 914 1272 115:
954 1220 1056 1261 alter
1076 1234 1123 1262 ex
1150 1222 1226 1263 illo
1251 1224 1336 1272 περὶ
1357 1226 1426 1267 εὖ·

206 1299 365 1352 γενείοις
383 1327 397 1348 ‚
422 1297 492 1336 sed
514 1294 624 1337 forte
647 1295 793 1346 spurio
810 1327 825 1348 ‚
843 1297 998 1338 relatus
1023 1309 1046 1338 a
1072 1297 1256 1338 Stobaeo
1287 1297 1425 1341 Serm-

208 1373 435 1417 LXXXtV
459 1382 497 1414 et
525 1371 768 1415 LXXXVI.
831 1373 889 1414 Et
916 1372 950 1414 si
976 1374 1050 1425 qui
1078 1374 1148 1415 ani
1176 1353 1426 1419 Aristotelis

208 1452 402 1505 dialogos
447 1461 676 1492 memorant
700 1481 716 1502 ,
768 1449 958 1492 breviore
998 1462 1095 1492 sane
1138 1449 1431 1503 defunguntur

210 1528 453 1580 mentione,
497 1539 625 1579 quam
659 1536 707 1567 ut
742 1526 838 1567 inde
871 1525 1022 1566 horum
1067 1537 1162 1566 cum
1196 1525 1429 1567 Platonicis

210 1606 393 1656 aliisque
416 1603 646 1646 Socraticis
671 1602 849 1654 dialogis
874 1602 1111 1644 similitudo
1141 1612 1212 1643 aut
1243 1602 1430 1644 dissimi-

212 1682 354 1723 litudo
379 1679 617 1721 definiatur.
682 1679 791 1720 Nam
827 1691 900 1720 aut
927 1679 1055 1721 verbo
1087 1692 1160 1721 eos
1187 1679 1430 1733 attingunt:

211 1758 344 1801 veluti
372 1757 454 1798 Dio
475 1755 815 1809 Chrysostomus
841 1755 961 1797 Orat.
975 1755 1098 1808 Llll,
1115 1769 1158 1808 p.
1176 1769 1255 1810 553
1272 1787 1286 1807 ‚
1304 1757 1363 1800 C:
1381 1782 1430 1791 --

213 1834 494 1889 Ἀριστοτέλης
509 1864 523 1884 ‚
553 1831 630 1886 ἀφ’
659 1833 704 1876 οὗ
730 1833 834 1886 (pm)
855 1835 927 1883 τὴν
948 1835 1116 1887 κριτικήν
1140 1851 1185 1877 τε
1209 1837 1275 1878 uos}
1300 1851 1433 1889 γραιμ-

213 1911 393 1968 ματικήν
418 1914 545 1966 ἀρχὴν
578 1913 748 1962 λαβεῖν,
781 1913 820 1954 ἐν
847 1917 1008 1960 πολλοῖς
1029 1910 1226 1962 διαλόγοις
1251 1913 1336 1965 περὶ
1365 1918 1433 1957 τοῦ

215 1994 375 2041 ποιητοῦ
399 1991 584 2041 διέξεισι,
615 1990 824 2042 θκυμάζων
848 1988 994 2038 αὐτὸν,
1018 1989 1069 2036 ὦς
1093 1989 1138 2030 τὸ
1162 1989 1263 2031 πολὺ
1288 1987 1354 2029 κα)
1378 2002 1435 2029 τι·

217 2073 322 2123 μῶυ·
361 2067 458 2107 hinc
493 2066 552 2107 nil
591 2064 704 2107 aliud
740 2064 994 2118 colligatur,
1038 2062 1123 2105 nisi
1166 2063 1437 2105 Aristotelem

220 2144 370 2186 multis
407 2143 451 2185 in
488 2142 668 2196 dialogis
706 2141 757 2183 de
804 2140 986 2182 Homero
1027 2139 1303 2181 disseruisse:
1350 2151 1438 2180 non

218 2216 349 2269 item,
390 2217 473 2258 hoc
508 2217 645 2258 fuisse
680 2216 819 2269 ipsum
858 2215 943 2256 illis
976 2213 1155 2267 dialogis
1196 2226 1350 2255 nomen
1398 2222 1440 2255 et

222 2304 531 2346 argumentum.
606 2294 872 2336 Themistius
906 2291 1027 2336 Orat.
1052 2291 1225 2344 XXIII,
1257 2307 1302 2345 p.
1330 2302 1442 2345 595,

224 2368 294 2420 D,
335 2371 525 2412 meminit
559 2370 804 2413 Aristotelis
840 2367 1050 2421 dialogum
1087 2368 1256 2410 nomine
1291 2368 1442 2410 Corin-

225 2446 361 2489 thium
377 2477 391 2496 .,
416 2445 541 2496 inque
563 2457 611 2487 eo
636 2446 858 2487 inductum
886 2445 1111 2497 agricolam
1136 2443 1439 2493 Corinthium,

220 2521 299 2580 qui
318 2519 509 2565 Platonis
531 2519 736 2575 Gorgiam
761 2520 946 2576 legisset.
998 2521 1256 2565 Plutarchus
1282 2520 1445 2563 Advera

1369 2604 1450 2638 Sus
