1693 3110
137 317 227 351 &een
250 319 321 351 Vll.

198 361 331 398 Cynici.

143 401 327 451 Diogenes.

350 208 438 251 618
652 207 1266 256 DISPUTATIO

348 331 468 373 aliam
500 327 615 381 capit
651 328 1062 384 interpretationem;
1095 332 1131 374 si
1165 334 1331 386 quidem
1371 337 1420 381 de
1450 340 1560 385 Cora

347 417 450 462 pore
474 413 641 447 tantum
676 416 812 447 sermo
841 404 904 449 fit.
963 407 1096 461 Igitur
1127 409 1212 451 fere
1244 412 1347 454 redit
1382 418 1556 472 eodem,

348 492 437 544 quo
464 485 580 531 aliud
603 486 788 541 eJ‘usdem
820 487 983 528 dietum
1007 488 1117 540 apud
1141 487 1386 532 Ciceronem
1415 491 1554 538 Tusc-

346 565 388 608 Ι.
417 576 500 617 43,
533 561 607 604 ubi
636 562 820 603 moriens
854 561 1014 603 dixisse
1036 560 1195 614 fertur,
1228 564 1295 605 m‘l
1314 568 1393 609 susi
1418 570 1554 610 inter.

345 653 432 684 csse
466 646 613 681 utrum
644 638 875 694 sepeliatur
899 652 957 679 an
982 652 1010 679 a
1026 638 1140 691 feris
1165 640 1357 683 lanietur
1372 673 1387 694 ‚
1430 647 1553 700 quip-

343 726 397 774 pe
425 714 493 756 m‘l
507 714 659 756 sentiri
684 729 711 755 a
736 723 916 756 mortuo.
976 715 1156 767 Scripsit
1177 715 1299 759 etiam
1327 717 1479 759 librum
1505 718 1558 760 do

345 789 522 842 Morte,
552 788 589 831 si
610 801 705 832 vere
730 789 980 830 tribuuntur
1009 790 1044 831 ei
1070 790 1256 843 scripta,
1289 803 1394 844 quae
1418 804 1559 834 recen-

347 876 414 911 set
442 865 573 919 Diog.
605 864 746 908 Laert.
774 863 850 909 VI.
884 864 952 909 80.
1013 865 1159 907 Fertur
1191 867 1313 909 etiam
1351 868 1433 911 hoc
1466 868 1558 923 ejus

343 943 532 989 dictum:
587 972 618 994 „
663 942 818 984 Omnia
853 954 935 983 csse
965 941 1187 998 Deorum;
1229 943 1447 999 Sapientes
1482 957 1563 986 csse

346 1020 501 1062 amicos
523 1018 713 1060 Deorum
728 1035 746 1072 ‚·
761 1018 1006 1060 Amicorum
1029 1021 1170 1062 omnia
1193 1021 1431 1061 communia
1446 1036 1465 1074 ‚·
1495 1018 1555 1061 E.

347 1100 492 1138 omnia
508 1109 589 1137 esse
609 1094 908 1152 Sapientum.”
940 1094 1054 1137 Haec
1075 1096 1204 1150 igitur
1225 1106 1266 1137 et
1284 1096 1436 1137 similia
1456 1093 1568 1137 haud

347 1174 489 1216 minus
525 1175 575 1217 ab
615 1186 665 1217 eo
705 1185 891 1228 possunt
933 1174 1232 1227 pronunciari,
1274 1174 1348 1227 qui
1383 1173 1564 1216 Animos

348 1254 577 1304 mortales,
597 1264 719 1304 quam
740 1252 789 1292 ab
814 1264 862 1293 eo
878 1282 892 1303 ,
917 1252 990 1303 qui
1012 1264 1083 1292 eos
1108 1251 1369 1293 [mmortales
1390 1259 1565 1292 statuat.

344 1331 457 1375 Nam
479 1341 519 1373 et
541 1330 704 1381 Stoici,
735 1342 758 1371 a
788 1330 967 1382 Cynicis
1007 1328 1219 1382 profecti,
1251 1332 1382 1371 multa
1405 1329 1564 1382 magni.

347 1408 429 1451 fiee
448 1417 489 1449 et
513 1406 708 1448 similiter
732 1406 782 1447 de
808 1406 1012 1447 humanae
1041 1413 1209 1446 naturae
1232 1416 1328 1445 cum
1354 1404 1444 1445 Diis
1465 1415 1568 1446 con·

345 1482 570 1539 Junctione
602 1479 927 1533 praedicabant,
957 1489 1094 1529 neque
1122 1487 1258 1519 tamen
1285 1478 1367 1519 hoc
1392 1489 1465 1518 eos
1488 1478 1566 1518 im-

348 1556 574 1611 pediebat,
620 1553 853 1607 quominus
892 1551 1072 1594 Animos
1105 1553 1300 1594 mortales
1336 1563 1426 1594 esse
1458 1553 1569 1594 dice·

349 1642 456 1678 rent.
516 1632 668 1684 Neque
705 1642 804 1672 vero
840 1629 972 1683 magis
1008 1638 1205 1681 constat,
1243 1630 1346 1682 quid
1374 1628 1446 1670 alii
1479 1630 1571 1682 Cy-

349 1710 436 1754 nici
466 1710 516 1752 de
551 1709 629 1750 hac
667 1716 785 1761 parte
827 1707 1050 1749 senserint.
1107 1705 1219 1748 Nam
1255 1705 1373 1759 quod
1398 1705 1448 1747 de
1471 1704 1566 1747 Me·

349 1789 525 1831 nedemo
548 1784 737 1840 prodidit
764 1783 976 1836 Diogenes
999 1781 1195 1825 Laertius
1225 1781 1299 1826 VI.
1335 1793 1441 1834 107,
1471 1793 1564 1824 eum

349 1863 487 1906 furiae
522 1861 670 1903 habitu
704 1868 893 1901 assumto
927 1858 1191 1902 circumiisse
1223 1871 1270 1901 ac
1299 1858 1487 1912 dixisse,
1517 1871 1565 1902 se

348 1953 401 1983 ex
427 1938 598 1982 Inferno
632 1937 843 1987 missum,
875 1944 921 1976 ut
952 1934 1169 1977 hominum
1203 1945 1371 1988 peccata
1406 1946 1569 1987 cogno-

347 2023 487 2059 sceret
524 2025 657 2066 eaque
691 2011 850 2054 Inferni
887 2010 1175 2054 Daemonibus
1210 2009 1451 2052 nunciaret:
1482 2010 1564 2054 hoc

351 2091 483 2143 igitur
517 2089 639 2131 facile
664 2097 860 2141 apparet,
891 2099 977 2130 non
1005 2098 1054 2127 ex
1082 2096 1214 2128 sectae
1235 2085 1471 2138 sententia,
1494 2088 1568 2130 sed

353 2181 403 2209 ex
432 2168 594 2221 vulgari
616 2166 818 2220 opinione
843 2164 1130 2218 accipiendum
1155 2177 1262 2207 esse.
1322 2164 1379 2206 Et
1397 2154 1568 2220 Menip-

355 2256 436 2298 pus
459 2243 630 2295 scripsit
655 2244 832 2288 Νεκυΐοιν
847 2273 861 2292 .,
886 2241 928 2283 id
950 2250 1012 2283 est
1027 2269 1044 2293 ‚
1067 2241 1404 2297 Descriptioncm
1423 2240 1572 2296 Infer-

355 2324 431 2375 m’,
464 2331 511 2362 ut
535 2321 658 2363 refert
682 2322 788 2362 idem
811 2320 1021 2373 Diogenes
1044 2318 1182 2362 Laert.
1212 2319 1293 2362 VI.
1323 2330 1416 2365 101,
1450 2319 1568 2371 quod

355 2398 604 2451 scriptionis
646 2410 778 2452 genus
822 2397 866 2439 in
899 2396 1048 2450 primis
1084 2395 1262 2439 feliciter
1291 2395 1480 2437 imitatus
1503 2403 1568 2436 est

356 2475 590 2520 Lucianus.
667 2475 758 2517 Nec
798 2485 936 2517 tamen
968 2474 1067 2522 hinc
1105 2474 1322 2526 sequitur,
1362 2472 1569 2524 Menippo

360 2553 493 2613 magis
532 2554 743 2609 placuisse
781 2552 1033 2604 Animorum
1057 2549 1411 2600 Immortalitatem
1446 2557 1569 2601 quam

1507 2621 1579 2669 ve)
