1693 3110
259 185 338 227 124
418 163 879 214 PROLEGOMENA
916 173 978 205 Ex
1015 160 1336 232 EDITIONE·

244 294 399 346 cuique
418 297 658 345 permanet,
688 296 838 331 custos
863 293 907 327 et
923 284 1096 327 effector
1118 296 1256 327 earum
1291 294 1423 324 rerum
1441 311 1458 335 ‚

247 381 354 422 quae
378 369 421 409 in
444 366 557 408 nova
576 363 666 406 vita
688 363 920 405 constituta
947 359 1094 404 sunt.'’

298 444 369 485 Ex
387 440 600 484 Phaedro:
641 468 682 490 s„
715 436 870 479 Anima
906 437 1057 479 similis
1080 444 1144 478 est
1187 444 1357 478 naturae
1379 437 1464 477 ala.

254 527 346 570 tae,
381 529 485 570 quae
508 523 676 558 constat
698 513 841 567 auriga
862 523 901 554 et
927 514 1095 555 duobus
1119 512 1238 565 equis
1253 542 1269 563 ‚
1299 512 1469 553 meliore

251 607 299 637 ac
330 594 485 647 pejore.
544 590 634 632 Hae
668 599 768 630 sunt
801 600 885 631 tres
908 589 998 642 ejus
1024 598 1188 642 partes:
1223 587 1392 639 auriga,
1422 588 1470 632 τὸ

247 671 434 722 λογικὸν,
459 678 568 724 pars
589 664 848 708 rationalis:
878 665 973 716 equi
990 695 1004 714 ,
1024 674 1128 720 pars
1160 662 1466 714 irrationalis,

245 748 292 791 τὸ
318 746 481 797 ἄλογον·
513 744 691 792 melior,
727 741 860 793 θυμός·
895 740 1039 794 pejor,
1073 743 1272 792 ἐπιθυμίαι.
1333 743 1472 796 Quae-

247 813 357 864 libet>
382 819 533 861 Anima
558 818 742 870 pertinet
766 817 816 858 ad
841 817 1016 857 chorum
1051 828 1098 858 ac
1132 817 1309 858 ⁴tutelam
1347 816 1473 858 unius

248 909 298 938 ex
333 895 524 938 undecim
562 893 688 947 Diis,
721 893 795 945 qui
838 894 881 933 in
905 892 1040 935 Coelo
1064 902 1300 935 versantur.
1360 891 1471 934 Nam

245 972 381 1014 Vesta
415 970 530 1012 domi
564 978 717 1011 manet.
790 967 1001 1019 Animae,
1044 980 1149 1020 quae
1179 969 1223 1009 in
1263 969 1474 1022 qu‘usque

246 1047 328 1092 Dei
351 1047 486 1090 choro
521 1054 652 1097 sunt,
682 1057 768 1087 non
792 1052 978 1097 possunt
1014 1056 1158 1086 omnes
1187 1045 1317 1085 Deum
1345 1056 1470 1086 suum

251 1121 420 1173 aequali
452 1120 582 1162 modo
619 1120 757 1172 sequi.
820 1120 939 1174 Quae
963 1120 1130 1171 quidem
1158 1120 1278 1171 sequi
1303 1129 1474 1173 potest,

252 1197 406 1240 exrulit
432 1205 561 1249 caput
580 1208 708 1247 supra
731 1195 840 1237 coeii
868 1196 1061 1238 verticem
1079 1226 1093 1247 ,
1111 1205 1150 1238 et
1172 1196 1396 1248 conspexit
1417 1196 1478 1238 ibi

251 1273 458 1317 sinceram
487 1281 779 1322 aeternamque
804 1271 1017 1313 veritatem
1035 1301 1049 1322 ,
1091 1280 1217 1323 atque
1245 1270 1474 1313 incolumis

251 1357 390 1391 manet
407 1359 553 1399 =usque
586 1346 639 1388 ad
671 1346 899 1388 secundum
927 1345 1114 1387 Deorum
1148 1346 1399 1388 circuitum:
1433 1345 1479 1387 in

252 1436 369 1476 quo,
399 1423 438 1466 si
461 1423 613 1464 iterum
642 1422 746 1463 bene
768 1421 904 1463 Deum
930 1433 1053 1462 suurn
1076 1431 1218 1462 secuta
1244 1421 1396 1472 suerit,
1428 1431 1469 1462 et

257 1501 296 1543 si
315 1500 420 1541 idem
437 1497 716 1550 sequentibus
735 1495 988 1538 circuitibus
1005 1509 1164 1548 semper
1180 1495 1347 1548 fecerit,
1368 1507 1477 1537 sem-

253 1589 331 1631 per
357 1575 582 1617 incolumis
608 1584 761 1615 manet.
805 1572 915 1614 Nam
932 1572 974 1614 in
999 1572 1218 1614 domicilio
1241 1572 1318 1613 illo
1343 1571 1480 1614 since-

251 1664 321 1694 rae
340 1659 612 1703 aeternaeque
635 1648 824 1693 veritatis
845 1649 1093 1691 nutriuntur
1107 1648 1194 1690 alae
1215 1657 1254 1689 et
1273 1649 1478 1691 corrobo-

252 1737 412 1772 rantur.
473 1725 554 1768 Sed
575 1726 782 1776 Animae,
814 1737 989 1776 quarum
1013 1725 1112 1775 equi
1133 1725 1316 1779 aurigam
1337 1725 1482 1768 turba·

254 1813 387 1855 runt,
419 1802 462 1844 in
500 1811 646 1843 terram
674 1802 954 1853 delabuntur,
985 1801 1215 1844 fluentibus
1243 1801 1480 1854 fractisque

255 1879 361 1930 alis,
391 1886 432 1919 et
454 1878 497 1920 in
516 1877 717 1929 Corpora
738 1877 1061 1929 ingrediuntur,
1082 1888 1168 1917 non
1189 1876 1354 1927 quidem
1378 1876 1479 1918 bru·

259 1965 397 1996 torum
423 1953 562 2007 primo
579 1984 593 2005 ‚
625 1954 700 1994 sed
725 1953 971 2005 hoininum3
993 1962 1196 1994 caeterum
1220 1952 1266 1994 ‘in
1286 1954 1397 1994 varia
1420 1953 1481 1995 in-

259 2032 507 2085 grediuntur
531 2031 752 2082 Corpora,
787 2042 865 2081 pro
890 2029 1003 2070 vario
1027 2030 1155 2082 gradu
1180 2029 1392 2081 modoque
1417 2042 1484 2071 sa-

259 2107 470 2160 pientiae,
503 2108 583 2158 qua
608 2106 816 2159 praeditae
844 2115 960 2149 sunt.
1010 2106 1181 2159 Optima
1200 2114 1239 2147 et
1264 2118 1368 2157 quae
1391 2107 1485 2158 plu-

262 2184 415 2226 rimum
441 2183 593 2225 viderit
619 2183 661 2224 in
694 2183 876 2224 sincerae
898 2192 1168 2234 aeternaeque
1200 2182 1386 2224 veritatis
1411 2184 1488 2224 do-

263 2260 453 2311 micilio,
486 2260 600 2301 venit
635 2260 678 2301 in
711 2260 883 2312 Corpus
908 2258 1178 2312 Philisophi:
1214 2271 1319 2310 quae
1345 2259 1486 2300 minus

265 2337 401 2388 vidit,
438 2336 483 2377 in
508 2336 679 2389 Corpus
704 2336 914 2378 inferioris
938 2336 1098 2389 generis
1125 2335 1255 2378 venit.
1299 2338 1488 2378 lneum-

271 2415 364 2456 dem
401 2422 556 2454 statum
573 2443 587 2463 ‚
631 2413 673 2453 in
703 2425 789 2464 quo
814 2413 949 2465 primo
975 2411 1174 2464 fuerunt,
1205 2423 1291 2454 non
1316 2412 1485 2453 redeunt

277 2499 372 2535 ante
394 2488 604 2543 expletum
633 2489 772 2531 decem
802 2489 916 2532 mille
937 2500 1141 2535 annorum
1164 2498 1358 2541 tempus;
1392 2497 1486 2528 nam

1401 2566 1483 2608 hoc
