1693 3110
373 176 479 221 DE
549 173 1234 225 UNITATEnEt.
1335 193 1433 235 411.

209 311 276 351 res
319 301 468 350 Plato,
511 296 794 351 Aristoteles,
835 298 992 352 aliique
1033 310 1082 340 ex
1129 299 1259 343 sacrIS
1302 301 1425 351 libris

210 389 331 427 suam
360 378 586 418 hauserunt
611 374 858 416 Doctrinam
875 375 896 417 ἓ
956 376 1036 418 Sed
1062 376 1164 429 quid
1189 387 1275 426 est,
1311 380 1430 430 quod

209 452 376 494 nullum
410 451 522 505 apud
555 463 628 493 eos
662 450 891 505 reperiatur
921 452 1119 505 Judaieae
1148 454 1286 508 gentis
1322 455 1432 497 indi·

203 529 354 571 cium?
413 527 530 584 Quid
555 527 670 580 quod
698 526 806 574 inter
834 536 1057 580 utramque
1080 530 1435 575 doctrinamtan-

203 613 296 648 tum
323 603 490 647 intersit
509 633 524 655 ‚
553 611 757 657 quantum
794 602 1099 656 unusquisque
1133 616 1222 646 non
1257 605 1429 658 imperi-

206 678 406 732 tissimus
449 677 575 731 facile
607 677 764 721 videt?
835 677 927 729 At,
969 677 1200 730 inquiunt,
1243 677 1432 733 Thales,

209 753 503 811 Pythagoras,
538 754 687 805 Plato,
717 765 815 798 curn
845 753 887 794 in
914 755 1158 809 Aegyptum
1185 753 1438 808 proficisces

202 838 377 882 rentur,
408 842 479 885 per
506 829 612 870 hanc
645 828 1007 882 opportunitatem
1041 841 1140 870 cum
1167 830 1428 884 judaeorum

202 907 456 949 doctoribus
493 906 760 959 confabulati
799 915 917 954 sunt,
995 905 1091 953 Hoc
1125 907 1326 954 nimirum
1362 915 1440 950 esti

202 984 252 1024 ad
285 982 454 1023 fabulas
489 980 750 1036 confugere,
785 993 964 1033 quarum
992 982 1162 1034 quidem
1195 984 1426 1027 vanitatem

201 1060 477 1113 exploserunt
511 1068 688 1110 omnes,
721 1057 795 1109 qui
823 1057 888 1098 vel
926 1058 1150 1110 paululum
1185 1059 1234 1099 de
1268 1058 1335 1098 his
1367 1069 1432 1098 re-

201 1134 284 1182 bus
303 1134 491 1188 judicare
516 1141 719 1186 possent3
748 1145 797 1182 ex
826 1133 984 1185 quibus
1016 1145 1124 1174 unus
1148 1134 1250 1187 atieo
1270 1133 1312 1187 J.
1331 1134 1432 1175 Cles-

197 1213 341 1261 ricus,
369 1211 466 1251 Art.
493 1209 605 1251 Crit.
630 1207 784 1264 Votl,
813 1222 856 1264 p.
884 1209 955 1253 28.
988 1218 1029 1250 et
1053 1208 1140 1262 Ep.
1170 1206 1266 1251 VII.
1296 1202 1425 1252 nobis

197 1286 369 1335 sufficit.
412 1285 569 1333 Verum
599 1285 635 1326 si
659 1284 898 1337 hebetiores
923 1295 1025 1327 sunt
1053 1285 1126 1326 isti
1144 1316 1158 1337 ‚
1194 1297 1317 1337 quain
1345 1285 1422 1337 qui

197 1365 382 1417 rationes
414 1364 679 1418 percipiant,
707 1373 872 1406 moveat
906 1376 978 1410 eos
1004 1364 1061 1405 D.
1088 1362 1208 1404 Pauli
1231 1363 1421 1404 auctori-

195 1450 290 1495 tas,
328 1442 404 1495 qui
447 1441 603 1484 diserte
639 1437 895 1495 pronunciat
927 1440 1056 1484 Rom.
1086 1440 1120 1481 Ι.
1147 1452 1228 1495 19,
1256 1452 1338 1491 20,
1371 1439 1424 1481 ad

197 1519 279 1568 Dei
308 1516 598 1571 cognitionem
622 1516 752 1567 alias,
785 1523 948 1569 praeter
963 1515 1212 1570 Judaieatn,
1235 1526 1422 1574 gentes,

192 1603 366 1642 naturae
407 1592 600 1632 bonitate
622 1590 879 1642 pervenisse.

251 1668 483 1716 Enimvero
517 1675 559 1707 et
590 1666 663 1716 has
704 1676 743 1708 et
777 1667 878 1717 alias
908 1665 1092 1709 rationes
1115 1665 1268 1708 lubens
1293 1677 1411 1719 prae-

196 1745 465 1787 termitterem
482 1773 497 1794 ‚
522 1742 559 1786 si
586 1743 637 1783 ad
662 1742 754 1784 Vos
781 1743 956 1789 dicerem
979 1745 1099 1785 solos
1117 1772 1131 1794 2
1156 1743 1270 1784 viros
1297 1754 1419 1799 prae-

195 1830 356 1864 stantes
385 1818 605 1870 acumine,
638 1826 677 1858 et
709 1819 828 1869 quod
853 1818 896 1860 in
929 1818 994 1863 his
1025 1819 1152 1860 rebus
1182 1819 1414 1875 plurimum

191 1897 303 1939 valet
320 1926 334 1948 ‚
359 1894 625 1948 antiquitatis
649 1904 730 1934 usu
757 1893 1022 1945 exercitatos,
1065 1894 1221 1943 Verum
1239 1925 1253 1945 ‚
1279 1906 1431 1951 quum⁸

193 1983 237 2020 ea
270 1971 516 2027 conditione
550 1969 762 2023 disputem
782 1998 798 2023 2
831 1979 877 2009 ut
904 1967 1086 2010 fortasse
1117 1972 1264 2012 Vestra
1294 1982 1413 2011 com-.

191 2048 457 2099 mendatione
482 2047 581 2088 haec
606 2043 842 2097 disputatio
879 2044 931 2085 ad
964 2043 1178 2097 publicam
1214 2045 1411 2092 notitiam

189 2132 441 2178 perventura
482 2122 567 2175 sit3
610 2121 732 2171 video
777 2120 885 2162 illud
919 2132 941 2162 a
978 2132 1041 2160 me
1077 2121 1314 2173 postulari,
1363 2131 1410 2163 ut

193 2199 386 2241 uberiore
439 2198 568 2253 huJ‘us
615 2207 789 2246 caussae
851 2195 1134 2248 explicatione
1189 2197 1408 2241 consulam

195 2286 368 2328 quoque
399 2272 646 2319 hominibus
681 2272 821 2313 minus
852 2272 1006 2324 paratis
1033 2272 1101 2312 vel
1135 2284 1157 2312 a
1186 2271 1409 2326 judicandi

192 2349 376 2392 sollertia
409 2351 474 2391 vel
505 2351 554 2390 ab
586 2348 855 2401 antiquitatis
887 2346 1079 2403 scienti-³3
1194 2338 1197 2339 ⁷

245 2424 432 2467 Primum
458 2425 540 2466 hoc
571 2425 849 2474 affirmamus,
883 2422 1099 2476 notionem
1125 2422 1300 2464 unitatis
1327 2423 1409 2465 Dei

192 2512 282 2555 non
312 2500 413 2547 adeo
447 2512 540 2549 esse
577 2502 762 2555 abditam
797 2509 837 2550 et
868 2500 1157 2555 inaccessam
1190 2510 1236 2541 ut
1263 2501 1409 2546 huma·

1309 2586 1410 2625 num
