1693 3110
443 169 1172 223 ADLYNDENUM.
1337 184 1443 228 205

218 298 397 344 Invicem
427 298 738 350 subridebatis‚
764 296 1038 350 affirmantes,
1069 307 1166 338 eum
1199 293 1324 338 vobis
1349 308 1430 350 op-

217 388 445 432 portunum
466 373 684 419 accidere?

277 450 369 495 PH.
414 453 484 494 Sic
507 461 595 493 est:
628 460 721 492 nam
756 448 885 501 paulo
910 458 1058 502 antea,
1090 462 1214 503 quam
1237 451 1288 493 acl
1311 459 1352 493 te
1376 450 1442 493 in.

219 530 460 582 trahamus,
493 530 568 571 hac
599 528 690 581 ipsa
723 528 773 570 de
806 539 849 569 re
883 529 1018 571 locuti
1054 542 1249 584 eramusg
1281 541 1321 573 et
1358 544 1441 587 ego·

223 605 453 648 Critobulo
485 606 699 656 dixeram,
731 616 795 645 me
831 616 903 655 per
932 605 1009 646 otii
1042 605 1183 647 lusum
1210 609 1442 660 aliquando

230 687 344 723 tuam
372 692 562 722 caussam
586 680 831 722 meditatum
856 691 970 722 esse:
993 690 1033 721 et
1055 680 1124 722 hic
1147 681 1247 723 mihi
1268 695 1444 736 respon-

225 757 364 811 derat,
395 770 438 799 se
458 757 596 800 simile
619 757 723 810 quid
745 768 868 797 suum
897 758 1096 799 memoria
1119 766 1272 800 tenere.

280 832 358 876 W.
401 832 517 886 Ergo
551 831 679 874 vobis
715 841 872 873 morem
911 841 1080 885 geram;
1124 841 1171 873 ut
1209 843 1319 874 meae
1354 830 1446 885 ipse

225 910 450 964 cupiditati
476 910 736 952 vehementer
762 909 786 950 a
809 908 932 951 vobis
958 908 1151 951 incensae
1171 908 1443 954 satisfaciam.

281 986 465 1028 LYND.
508 985 566 1027 Et
597 985 732 1036 illud,
762 985 877 1037 quod
900 984 979 1025 sub
1002 985 1142 1036 ipsum
1172 994 1337 1037 tempus
1363 986 1450 1027 edis

229 1070 298 1107 tae
323 1063 366 1106 in
393 1062 558 1107 Horreo
595 1062 709 1104 illius
735 1060 1071 1115 reprehensionis
1094 1071 1159 1102 me
1178 1060 1278 1112 alii,
1309 1071 1349 1102 et
1372 1074 1450 1116 ego

230 1151 272 1184 te
300 1141 636 1194 interrogabam,
663 1152 715 1181 an
744 1139 796 1181 ad
815 1150 902 1180 eam
936 1148 1221 1191 responsurus
1244 1137 1392 1180 esses?

290 1216 366 1260 W.
409 1216 502 1259 En!
549 1217 660 1258 hune
696 1227 870 1268 quoque
901 1214 1153 1269 Lyndenum
1191 1216 1308 1257 oneri
1343 1229 1454 1262 onus

234 1293 477 1338 addenteml
519 1293 626 1335 Nam
653 1292 732 1334 tibi
754 1291 922 1344 quidem
959 1293 1041 1344 jam
1076 1300 1211 1342 tunc,
1245 1300 1293 1333 ut
1320 1300 1455 1344 puto,

224 1373 540 1418 satisfaciebam
567 1370 737 1422 dicens,
777 1400 804 1419 „
827 1368 948 1425 Quid
967 1368 1079 1410 enim
1101 1368 1371 1421 respondeam
1395 1368 1456 1410 fe.

231 1480 262 1504 „
288 1448 535 1500 bricitant-i,
573 1446 809 1488 miserando
848 1445 997 1498 potius
1036 1456 1158 1496 quam
1185 1443 1452 1490 reFellendo?

230 1554 263 1581 ,ς
290 1539 378 1569 non
413 1523 545 1578 magis
582 1535 709 1576 quam
754 1520 992 1575 canicuiis,
1027 1532 1132 1573 quae
1150 1529 1268 1581 antea
1302 1533 1368 1564 me
1395 1523 1453 1565 ab

235 1632 265 1657 „
293 1599 543 1646 latrarunt.'’

288 1680 383 1724 PH.
416 1679 527 1729 Sed,
558 1675 659 1732 age!
693 1675 760 1718 dic
787 1674 953 1717 tandem
976 1674 1025 1717 de
1046 1670 1340 1717 Orationibus.

290 1756 369 1799 W.
412 1755 556 1809 Ergo,
590 1753 705 1807 quod
730 1750 1038 1803 Latinitatem,
1070 1762 1110 1793 et
1142 1752 1219 1811 alia
1246 1751 1455 1806 subinde,

231 1833 485 1879 desideravit
508 1844 554 1873 ac
581 1832 747 1873 notavit
771 1830 944 1882 ignotus
974 1840 1154 1878 censor,
1188 1840 1274 1869 non
1298 1827 1381 1868 fuit
1405 1829 1456 1869 de

231 1913 387 1957 nihilo.
458 1909 556 1963 Ipse
593 1910 637 1951 in
675 1908 850 1960 quadam
888 1906 1163 1959 Ephemeride
1201 1906 1458 1958 respondens

231 1986 433 2038 censori,
464 1983 802 2039 pronunciabat,
833 1993 927 2023 eum
971 1982 1030 2024 nil
1068 1982 1202 2032 scire,
1244 1981 1458 2037 stupidum

233 2073 363 2121 caput
388 2062 556 2116 Belgice
580 2062 795 2114 appellans
816 2071 827 2101 :
850 2058 1056 2100 affirmans
1071 2088 1086 2109 ,
1109 2057 1337 2099 bonitatem
1369 2071 1460 2101 ora·

235 2141 366 2185 tionis
405 2151 505 2181 suae
550 2136 813 2180 doctissimis
849 2134 1315 2178 Amstelodamensibus
1360 2147 1461 2188 pro-

236 2216 344 2260 bari.
404 2214 536 2271 Quod
567 2226 695 2267 quum
739 2212 895 2265 aliquis
933 2212 1087 2253 mirans
1124 2210 1228 2253 mihi
1251 2222 1460 2263 narraret,

237 2293 348 2335 Noli
373 2306 464 2344 me,
496 2292 663 2343 inquam
681 2321 696 2342 ,
727 2292 773 2331 in
802 2289 892 2331 illis
927 2287 1176 2331 doctissimis
1199 2287 1463 2333 Amsteloda·

237 2369 440 2411 mensibus
465 2380 708 2410 numerare.
772 2366 976 2419 Equidem
993 2393 1008 2418 ‚
1031 2365 1214 2409 consilio
1240 2379 1376 2419 nuper
1396 2378 1463 2407 ca-

241 2454 317 2498 pto
353 2446 648 2486 censendarum
683 2444 934 2485 Orationum
975 2454 1119 2485 nostra
1157 2443 1353 2484 memoria
1391 2443 1465 2485 ha-

241 2520 452 2572 bitarum,
482 2519 576 2564 illas
611 2532 786 2575 quoquc
819 2522 873 2563 ad-
910 2532 1080 2574 earum,
1114 2518 1276 2574 quibus
1314 2527 1468 2561 censu-

1426 2607 1474 2640 Ω
