1693 3110
171 336 261 368 Sect.
282 335 339 369 xi.

172 381 213 411 de
236 377 311 410 aliis

170 421 292 453 Philos.

179 463 335 498 ovidius.

357 216 444 270 650
647 207 1256 256 DISPUTATIO

359 339 410 380 ad
441 335 574 379 solam
609 331 796 393 nominis
833 331 1127 385 perennitatem
1159 331 1352 376 refertur.
1420 336 1485 378 Ac
1521 335 1573 379 li-

359 414 436 456 bro
462 411 631 461 eodem,
665 407 737 450 ubi
760 409 809 450 de
832 407 1082 450 Animorum
1115 407 1430 452 Immortalitate
1452 422 1578 465 atque

359 487 614 542 migratione
656 484 840 535 dicitur,
878 496 965 526 non
1000 495 1049 524 ex
1095 484 1174 526 sua
1214 485 1286 525 sed
1318 484 1578 540 Pythagorae

357 563 538 619 persona
559 560 778 614 loquitur:
810 559 933 613 quus
958 568 1095 600 tamen
1115 560 1359 603 sententiam
1390 573 1475 604 non
1510 574 1580 604 ve-

357 653 404 684 re
419 647 695 689 accurateque
719 634 988 690 significavit.
1051 632 1203 686 Neque
1238 635 1347 677 enim
1376 636 1458 679 hoc
1493 637 1580 681 fuit

357 722 620 776 Pythagorae
644 717 877 771 placitum,
900 716 1044 757 nullos
1078 728 1167 757 esse
1192 715 1386 769 Inferos,
1413 727 1452 759 et
1477 717 1583 759 Ani-

360 809 456 840 mos
477 806 640 848 semper
658 793 702 836 in
729 792 854 836 novis
878 792 1149 845 Corporibus
1172 794 1360 835 oberrare
1388 806 1463 836 nec
1488 806 1583 836 um-

361 887 488 928 quam
514 873 564 914 ad
588 871 777 914 divinum
801 868 962 911 fontem
1001 869 1149 910 redire.
1207 868 1412 922 Majorem
1438 878 1585 913 aucto-

362 952 524 994 ritatem
561 947 712 990 habere
743 946 946 996 videtur,
978 946 1094 997 quod
1128 944 1178 986 ab
1216 945 1340 987 initio
1375 946 1474 987 libri
1503 946 1587 999 pri-

363 1028 452 1080 mi,
482 1029 732 1068 creationem
755 1022 912 1064 Mundi
935 1023 1152 1064 Platonica
1182 1022 1414 1074 storeaque
1458 1023 1583 1065 ratio-

362 1114 416 1148 ne
440 1113 686 1156 exponens,
716 1099 897 1142 Animos
933 1099 1138 1141 humanos
1171 1098 1317 1140 divino
1360 1099 1587 1144 coelestive

360 1179 520 1223 semine
544 1187 663 1220 ortos
686 1184 726 1217 et
761 1175 812 1218 ad
846 1174 1034 1218 Deorum
1063 1173 1382 1223 similitudinem
1407 1173 1582 1219 confor-

360 1266 498 1299 matos
526 1265 618 1295 esse
641 1252 909 1305 pronunciat.

430 1334 479 1374 ln
501 1326 784 1381 Pythagorica
819 1327 1014 1369 doctrina
1049 1327 1150 1367 clari
1176 1326 1458 1378 exstiterunt,
1489 1325 1589 1368 Mo-

363 1407 531 1448 'detatus
576 1403 851 1452 Gaditanus,
895 1400 1087 1452 Sotion,
1134 1401 1311 1443 Senecae
1364 1402 1583 1455 magister,

364 1482 440 1536 qui
461 1492 548 1524 eam
582 1490 679 1520 cum
712 1477 871 1519 Stoicis
909 1478 1077 1530 placitis
1109 1477 1349 1531 conjunxit.
1409 1478 1508 1520 Duo
1542 1478 1587 1527 in

360 1555 516 1613 §primis
547 1567 596 1597 ex
617 1555 693 1597 hac
721 1552 913 1596 doctrina
940 1551 1125 1606 profecti
1149 1565 1234 1596 eam
1270 1553 1428 1595 artibus
1457 1553 1588 1606 magi.

365 1637 429 1681 'cis
452 1648 497 1678 ac
522 1632 758 1688 praestigiis
800 1630 997 1673 infamem
1030 1630 1322 1675 reddiderunt:
1359 1632 1586 1674 Anaxilaus

364 1714 641 1764 Larissaeus,
673 1709 828 1762 magiae
857 1709 1009 1752 caussa
1042 1708 1092 1749 ab
1124 1709 1327 1760 Augusto
1365 1709 1486 1751 ltalia
1511 1709 1589 1762 eje·

366 1791 493 1842 ctuS‚
522 1798 563 1830 et
603 1785 866 1841 Apollonius
903 1784 1132 1838 Tyaneus»,
1161 1785 1305 1826 eodem
1344 1783 1460 1839 fere,
1496 1796 1584 1837 quo

367 1868 596 1918 Servator‚
632 1873 848 1916 tempore,
881 1863 946 1904 vel
974 1861 1103 1915 paulo
1128 1870 1254 1914 post,
1286 1870 1428 1903 natus·
1475 1858 1584 1914 Qui,

368 1955 418 1986 ut
455 1944 705 1985 Animorum
748 1937 1110 1980 Immortalitatem
1150 1943 1405 1986 tenuerunt,
1438 1935 1491 1976 ita
1514 1946 1589 1975 au-

370 2017 509 2061 ctores
546 2015 743 2065 fuerunt,
787 2023 832 2054 ut
870 2011 1137 2065 sequentium
1184 2020 1363 2053 aetatum
1395 2010 1590 2052 Philoso-

374 2095 474 2151 phia
500 2093 659 2145 magica
687 2089 995 2143 superstitione
1021 2087 1262 2139 repleretur.

425 2170 651 2222 Praecipue
673 2177 808 2208 tamen
838 2164 1005 2206 Stoicae
1035 2161 1247 2203 doctrinae
1298 2160 1484 2202 studium
1521 2160 1586 2203 ina*

371 2248 535 2299 valuit,
566 2258 614 2289 ac
649 2255 722 2298 per
756 2243 838 2285 hoc
876 2250 916 2282 et
942 2241 1180 2294 proximum
1223 2238 1431 2279 saeculum
1457 2238 1594 2281 domi·-

372 2335 517 2371 natum
542 2332 621 2365 cst.
693 2319 806 2362 Satis
830 2318 962 2359 habeo
991 2316 1161 2359 nomina
1191 2313 1493 2365 celebriorum,
1519 2311 1594 2365 qui

375 2413 471 2446 ante
506 2400 698 2442 Senecam
734 2397 936 2448 fuerunt,
965 2404 1229 2439 memorasse.
1291 2386 1475 2432 Fuerunt
1510 2391 1588 2442 igi-

377 2493 447 2524 tur
474 2482 625 2526 lason,
658 2472 877 2517 Posidonii
909 2484 958 2514 ex
995 2469 1080 2512 filia
1115 2478 1272 2521 nepos:
1306 2467 1363 2522 Q.
1392 2466 1587 2510 Sextius:

378 2559 559 2610 Strabo,
597 2552 909 2609 Geographus:
940 2545 1178 2600 Manilius,
1209 2545 1364 2588 Poeta:
1401 2541 1455 2586 C.
1493 2540 1592 2583 Mu·

1523 2629 1593 2663 509
