1693 3110
465 170 803 248 buAEooms
845 192 1186 246 PLAToNtcll
1383 204 1451 255 ‚a

221 331 311 375 hem
335 327 558 377 affectans,
588 334 794 366 tumorem
816 330 856 363 et
878 322 1173 365 obscuritatem
1198 322 1439 367 contrahata

221 409 355 466 Quod
389 407 538 449 vitium
579 403 623 445 in
656 401 802 455 paucis
825 400 944 442 libris
967 410 1030 443 est
1054 401 1282 456 frequens,
1316 402 1437 444 velue

226 485 259 526 ti
289 482 507 538 Legibus,
538 478 742 529 Timaeo,
770 476 1011 528 EpiStolis:
1057 477 1100 520 in
1136 479 1330 531 pluribus
1361 477 1440 520 mi·

226 571 305 602 nus
329 558 550 609 frequens:
583 554 624 596 in
650 552 845 606 plurimis
871 563 1048 604 prorsus
1069 552 1214 605 abest,
1246 553 1320 595 ubi
1347 565 1442 606 per·

226 633 432 688 spicuitas
456 640 497 674 et
524 632 615 684 ipsa
635 629 719 673 sibi
743 638 912 672 constat
935 628 979 670 in
1000 628 1189 671 docendo
1208 642 1253 671 ac
1275 641 1442 672 narran-

228 712 312 764 do,
355 720 395 752 et
433 709 681 753 suavitatem
717 707 1047 761 gravitatemque
1080 705 1264 748 illustrat
1298 709 1341 749 in
1372 708 1444 749 de·

225 785 418 828 lectando
443 794 482 826 et
503 783 841 834 commovendo,
875 790 914 824 et
944 793 1037 823 eum
1071 792 1209 824 servat
1237 782 1444 825 orationis

228 862 449 903 candorem
484 859 777 910 coloremque,
815 856 889 910 qui
916 856 971 897 sit
1005 866 1203 908 apertus,
1235 857 1441 910 simplex,

229 937 444 987 sincerus,
465 935 668 987 limpidus
684 962 697 985 ,
711 942 902 989 puroque
924 933 1162 975 simillimus
1176 936 1309 974 amni.
1342 932 1442 988 Quo

231 1010 277 1052 in
314 1022 461 1064 genere
491 1009 628 1051 laudis
667 1021 712 1050 ac
742 1007 1060 1061 perspicuitatis
1095 1008 1291 1050 censendi
1322 1008 1446 1051 etiam

230 1094 331 1129 sunt
356 1085 550 1128 Phaedon
586 1095 625 1126 et
649 1084 934 1127 Convivium:
967 1096 1147 1136 quorum
1182 1084 1219 1126 si
1245 1085 1447 1136 quaedam

229 1172 370 1217 partes
406 1163 559 1205 vitiosa
590 1161 851 1204 obscuritate
885 1160 1054 1202 affectae
1079 1170 1211 1212 sunt,
1244 1160 1347 1202 hanc
1375 1172 1442 1202 ve-¹

227 1240 315 1281 rius
340 1238 509 1280 librario
549 1250 672 1290 quam
711 1237 874 1279 auctori
905 1237 1156 1280 tribuemus.
1217 1237 1297 1279 Sed
1318 1236 1449 1279 Phaee

228 1315 354 1358 donis
375 1314 505 1357 dictio
528 1314 727 1357 convenit
748 1313 871 1357 etiam
891 1315 1037 1367 captui
1071 1317 1254 1356 tironum
1272 1326 1287 1365 3
1323 1313 1450 1366 quip·

230 1404 283 1447 pe
308 1392 486 1445 simplex
507 1400 547 1433 et
570 1390 846 1442 uniusmodi,
879 1390 1029 1431 usitata
1055 1389 1236 1440 Atticis,
1259 1400 1450 1430 commu⁴

227 1468 294 1510 nis
316 1467 663 1520 colloquentibus
688 1467 816 1520 hujus
840 1464 995 1518 dialogi
1017 1462 1225 1517 personis.
1287 1462 1452 1505 Convio
1476 1520 1479 1521 ⁷

227 1545 290 1587 vii
313 1544 444 1586 dictio
478 1544 607 1596 paulo
632 1544 765 1596 magis
800 1541 1049 1583 exercitatos
1085 1541 1262 1581 lectores
1298 1551 1450 1591 postu-

229 1621 319 1672 lat;
361 1620 518 1672 quippe
552 1621 666 1662 varia
702 1628 742 1660 et
786 1617 1008 1671 multiplex
1034 1647 1050 1669 ‚
1091 1629 1168 1670 pro
1204 1629 1379 1659 numero
1409 1624 1452 1658 et

229 1694 427 1737 varietate
449 1695 742 1737 disserentium
757 1725 772 1746 ‚
805 1707 986 1747 quorum
1014 1694 1225 1748 cujusque
1249 1706 1335 1736 non
1358 1706 1449 1735 mo-

229 1770 284 1811 do
310 1769 554 1822 ingenium,
585 1769 658 1811 sed
687 1768 807 1810 etiam
838 1769 1009 1823 propria
1045 1770 1210 1811 dicendi
1243 1769 1376 1812 forma
1409 1779 1451 1815 et

230 1845 446 1888 character
479 1845 743 1899 exprimitur.
805 1844 937 1901 Quod
974 1845 1051 1886 etsi
1087 1858 1173 1887 non
1203 1857 1454 1899 magnopere

234 1923 517 1967 difficultatem
546 1922 696 1976 objicit
721 1923 771 1964 ad
795 1921 1109 1975 intelligendum
1136 1921 1238 1973 quid
1258 1923 1450 1973 dicatur,

233 1998 290 2040 ita
315 1998 437 2040 obest
461 1999 512 2040 ad
538 1998 845 2040 observandum
870 1998 1086 2050 quomodo·
1109 2008 1148 2039 et
1173 2009 1295 2049 quam
1317 1997 1457 2039 diver·

233 2085 278 2116 se
297 2074 486 2117 dicatur:
519 2087 594 2118 nec
620 2073 891 2117 animadverti
915 2085 1058 2127 potest
1083 2074 1162 2116 nisi
1188 2078 1210 2116 a
1236 2086 1362 2117 sensu
1378 2087 1451 2117 au-

229 2151 436 2206 ribusque
462 2152 573 2194 tritis
594 2152 775 2194 notanda
796 2151 992 2193 varietate
1015 2164 1211 2205 generum
1229 2151 1448 2195 orationiS.

286 2226 344 2268 Et
379 2227 454 2268 hae
480 2226 612 2280 igitur
637 2226 740 2268 mihi
764 2226 946 2268 rationes
972 2227 1232 2268 Phaedonem
1258 2228 1310 2269 ad
1335 2240 1455 2281 prae·

232 2310 388 2343 sentem
415 2301 585 2344 scholae
608 2314 718 2343 meae
750 2314 875 2343 usum
910 2303 1280 2346 commendabant:
1315 2314 1353 2346 et
1380 2317 1454 2346 ac·

230 2373 398 2414 cedebat
434 2375 504 2416 illa
530 2375 765 2429 cogitatio,
800 2388 929 2428 posse
962 2379 1162 2429 quasdam
1192 2389 1456 2432 argumenta·

234 2448 372 2491 tiones
400 2449 578 2492 intactas
607 2453 960 2503 praetermitti‚si
984 2453 1094 2496 forte
1112 2456 1163 2496 ad
1177 2456 1454 2507 quorumdam

230 2528 479 2573 auditorum
507 2528 750 2576 facultatem
785 2533 1043 2589 modumque
1077 2534 1328 2579 difficiliores
1351 2534 1461 2579 acci-

1395 2611 1466 2655 de·
