<?xml version="1.0" encoding="UTF-8"?>
<!DOCTYPE html PUBLIC "-//W3C//DTD XHTML 1.0 Transitional//EN"
    "http://www.w3.org/TR/xhtml1/DTD/xhtml1-transitional.dtd">
<html xmlns="http://www.w3.org/1999/xhtml" xml:lang="en" lang="en">
 <head>
  <title>
</title>
<meta http-equiv="Content-Type" content="text/html;charset=utf-8" />
  <meta name='ocr-system' content='tesseract 3.04.00' />
  <meta name='ocr-capabilities' content='ocr_page ocr_carea ocr_par ocr_line ocrx_word'/>
</head>
<body>
  <div class='ocr_page' id='page_1' title='image "./opusculavariiarg02wytt_0589.png"; bbox 0 0 1693 3110; ppageno 0'>
   <div class='ocr_carea' id='block_1_1' title="bbox 311 180 1343 239">
    <p class='ocr_par' dir='ltr' id='par_1_1' title="bbox 311 180 1343 239">
     <span class='ocr_line' id='line_1_1' title="bbox 311 180 1343 239; baseline -0.009 -7"><span class='ocrx_word' id='word_1_1' title='bbox 311 188 388 232; x_wconf 76' lang='lat' dir='ltr'><strong>DE</strong></span> <span class='ocrx_word' id='word_1_2' title='bbox 417 180 928 229; x_wconf 71' lang='lat' dir='ltr'><strong>mMoRTAmTATE</strong></span> <span class='ocrx_word' id='word_1_3' title='bbox 959 180 1152 226; x_wconf 71' lang='grc' dir='ltr'><strong>ΑΝΙΜΙ.</strong></span> <span class='ocrx_word' id='word_1_4' title='bbox 1262 191 1343 239; x_wconf 73' lang='lat'><strong>573</strong></span> 
     </span>
    </p>
   </div>
   <div class='ocr_carea' id='block_1_2' title="bbox 130 302 1585 2633">
    <p class='ocr_par' dir='ltr' id='par_1_2' title="bbox 130 302 1533 1120">
     <span class='ocr_line' id='line_1_2' title="bbox 130 302 1533 362; baseline -0.004 -9"><span class='ocrx_word' id='word_1_5' title='bbox 130 302 281 353; x_wconf 60' lang='lat' dir='ltr'><strong>‘iterum</strong></span> <span class='ocrx_word' id='word_1_6' title='bbox 317 311 359 352; x_wconf 89' lang='lat' dir='ltr'><strong>in</strong></span> <span class='ocrx_word' id='word_1_7' title='bbox 394 307 694 362; x_wconf 80' lang='lat' dir='ltr'>generationem</span> <span class='ocrx_word' id='word_1_8' title='bbox 723 306 910 357; x_wconf 81' lang='lat' dir='ltr'><strong>abirent,</strong></span> <span class='ocrx_word' id='word_1_9' title='bbox 943 305 1021 347; x_wconf 90' lang='lat' dir='ltr'><strong>viri</strong></span> <span class='ocrx_word' id='word_1_10' title='bbox 1054 305 1095 346; x_wconf 91' lang='lat' dir='ltr'><strong>in</strong></span> <span class='ocrx_word' id='word_1_11' title='bbox 1124 303 1338 346; x_wconf 84' lang='lat' dir='ltr'><strong>muliebria</strong></span> <span class='ocrx_word' id='word_1_12' title='bbox 1363 312 1469 346; x_wconf 65' lang='lat' dir='ltr'><strong>sectio</strong></span> <span class='ocrx_word' id='word_1_13' title='bbox 1492 312 1533 352; x_wconf 79' lang='lat' dir='ltr'><strong>v,</strong></span> 
     </span>
     <span class='ocr_line' id='line_1_3' title="bbox 139 358 1466 437; baseline -0.005 -11"><span class='ocrx_word' id='word_1_14' title='bbox 139 385 361 437; x_wconf 81' lang='lat' dir='ltr'><strong>Corpora3</strong></span> <span class='ocrx_word' id='word_1_15' title='bbox 397 393 496 436; x_wconf 89' lang='lat' dir='ltr'><strong>post</strong></span> <span class='ocrx_word' id='word_1_16' title='bbox 529 382 643 423; x_wconf 85' lang='lat' dir='ltr'><strong>mille</strong></span> <span class='ocrx_word' id='word_1_17' title='bbox 676 393 875 423; x_wconf 89' lang='lat' dir='ltr'><strong>annorum</strong></span> <span class='ocrx_word' id='word_1_18' title='bbox 912 381 1091 433; x_wconf 79' lang='lat' dir='ltr'><strong>spatium</strong></span> <span class='ocrx_word' id='word_1_19' title='bbox 1132 381 1340 431; x_wconf 80' lang='lat' dir='ltr'><strong>redirent,</strong></span> <span class='ocrx_word' id='word_1_20' title='bbox 1362 358 1466 388; x_wconf 73' lang='lat' dir='ltr'><strong>mato.</strong></span> 
     </span>
     <span class='ocr_line' id='line_1_4' title="bbox 135 456 1342 513; baseline -0.004 -10"><span class='ocrx_word' id='word_1_21' title='bbox 135 471 178 503; x_wconf 89' lang='lat' dir='ltr'><strong>et</strong></span> <span class='ocrx_word' id='word_1_22' title='bbox 214 462 327 513; x_wconf 79' lang='lat' dir='ltr'><strong>ipsae</strong></span> <span class='ocrx_word' id='word_1_23' title='bbox 358 461 442 502; x_wconf 84' lang='lat' dir='ltr'><strong>sibi</strong></span> <span class='ocrx_word' id='word_1_24' title='bbox 476 460 580 502; x_wconf 88' lang='lat' dir='ltr'><strong>vitas</strong></span> <span class='ocrx_word' id='word_1_25' title='bbox 609 459 832 511; x_wconf 78' lang='lat' dir='ltr'><strong>eligerent3</strong></span> <span class='ocrx_word' id='word_1_26' title='bbox 866 457 937 498; x_wconf 88' lang='lat' dir='ltr'><strong>ubi</strong></span> <span class='ocrx_word' id='word_1_27' title='bbox 971 456 1049 508; x_wconf 81' lang='lat' dir='ltr'><strong>fit,</strong></span> <span class='ocrx_word' id='word_1_28' title='bbox 1081 466 1127 498; x_wconf 90' lang='lat' dir='ltr'><strong>ut</strong></span> <span class='ocrx_word' id='word_1_29' title='bbox 1163 457 1342 498; x_wconf 84' lang='lat' dir='ltr'><strong>humana</strong></span> 
     </span>
     <span class='ocr_line' id='line_1_5' title="bbox 140 535 1343 589; baseline -0.002 -10"><span class='ocrx_word' id='word_1_30' title='bbox 140 551 315 589; x_wconf 82' lang='lat' dir='ltr'><strong>quoque</strong></span> <span class='ocrx_word' id='word_1_31' title='bbox 344 538 495 579; x_wconf 86' lang='lat' dir='ltr'><strong>Anima</strong></span> <span class='ocrx_word' id='word_1_32' title='bbox 526 539 567 578; x_wconf 91' lang='lat' dir='ltr'><strong>in</strong></span> <span class='ocrx_word' id='word_1_33' title='bbox 605 536 717 577; x_wconf 85' lang='lat' dir='ltr'><strong>bruti</strong></span> <span class='ocrx_word' id='word_1_34' title='bbox 750 535 922 588; x_wconf 88' lang='lat' dir='ltr'><strong>Corpus</strong></span> <span class='ocrx_word' id='word_1_35' title='bbox 953 536 1187 588; x_wconf 79' lang='lat' dir='ltr'><strong>immigret‚</strong></span> <span class='ocrx_word' id='word_1_36' title='bbox 1216 545 1343 586; x_wconf 84' lang='lat' dir='ltr'><strong>atque</strong></span> 
     </span>
     <span class='ocr_line' id='line_1_6' title="bbox 138 612 1343 666; baseline -0.002 -12"><span class='ocrx_word' id='word_1_37' title='bbox 138 613 182 655; x_wconf 88' lang='lat' dir='ltr'><strong>in</strong></span> <span class='ocrx_word' id='word_1_38' title='bbox 216 614 434 654; x_wconf 86' lang='lat' dir='ltr'><strong>brutorum</strong></span> <span class='ocrx_word' id='word_1_39' title='bbox 475 625 617 666; x_wconf 83' lang='lat' dir='ltr'><strong>genere</strong></span> <span class='ocrx_word' id='word_1_40' title='bbox 654 625 727 665; x_wconf 87' lang='lat' dir='ltr'><strong>per</strong></span> <span class='ocrx_word' id='word_1_41' title='bbox 762 612 914 653; x_wconf 84' lang='lat' dir='ltr'><strong>multas</strong></span> <span class='ocrx_word' id='word_1_42' title='bbox 949 612 1144 664; x_wconf 88' lang='lat' dir='ltr'><strong>deinceps</strong></span> <span class='ocrx_word' id='word_1_43' title='bbox 1179 623 1343 665; x_wconf 89' lang='lat' dir='ltr'><strong>genera-</strong></span> 
     </span>
     <span class='ocr_line' id='line_1_7' title="bbox 137 687 1343 739; baseline 0.001 -11"><span class='ocrx_word' id='word_1_44' title='bbox 137 687 277 728; x_wconf 85' lang='lat' dir='ltr'><strong>tiones</strong></span> <span class='ocrx_word' id='word_1_45' title='bbox 307 698 466 730; x_wconf 81' lang='lat' dir='ltr'><strong>maneat</strong></span> <span class='ocrx_word' id='word_1_46' title='bbox 482 718 496 738; x_wconf 81' lang='lat'>‚</span> <span class='ocrx_word' id='word_1_47' title='bbox 521 689 652 729; x_wconf 90' lang='lat' dir='ltr'><strong>donec</strong></span> <span class='ocrx_word' id='word_1_48' title='bbox 678 687 920 739; x_wconf 82' lang='lat' dir='ltr'><strong>pravitatem</strong></span> <span class='ocrx_word' id='word_1_49' title='bbox 940 719 955 739; x_wconf 81' lang='lat'>‚</span> <span class='ocrx_word' id='word_1_50' title='bbox 990 699 1094 739; x_wconf 83' lang='lat' dir='ltr'><strong>quae</strong></span> <span class='ocrx_word' id='word_1_51' title='bbox 1119 687 1154 728; x_wconf 92' lang='lat' dir='ltr'><strong>ei</strong></span> <span class='ocrx_word' id='word_1_52' title='bbox 1181 699 1230 728; x_wconf 84' lang='lat' dir='ltr'><strong>ex</strong></span> <span class='ocrx_word' id='word_1_53' title='bbox 1249 700 1343 729; x_wconf 90' lang='lat' dir='ltr'><strong>cor·</strong></span> 
     </span>
     <span class='ocr_line' id='line_1_8' title="bbox 135 760 1341 817; baseline -0.001 -12"><span class='ocrx_word' id='word_1_54' title='bbox 135 765 264 817; x_wconf 68' lang='lat' dir='ltr'><strong>porea</strong></span> <span class='ocrx_word' id='word_1_55' title='bbox 292 760 569 817; x_wconf 79' lang='lat' dir='ltr'><strong>contagione,</strong></span> <span class='ocrx_word' id='word_1_56' title='bbox 600 763 740 816; x_wconf 82' lang='lat' dir='ltr'><strong>ignis,</strong></span> <span class='ocrx_word' id='word_1_57' title='bbox 772 776 901 813; x_wconf 81' lang='lat' dir='ltr'><strong>aquae</strong></span> <span class='ocrx_word' id='word_1_58' title='bbox 919 792 933 814; x_wconf 83' lang='lat'>‚</span> <span class='ocrx_word' id='word_1_59' title='bbox 957 763 1088 814; x_wconf 69' lang='lat' dir='ltr'><strong>aei-is,</strong></span> <span class='ocrx_word' id='word_1_60' title='bbox 1120 771 1160 804; x_wconf 90' lang='lat' dir='ltr'><strong>et</strong></span> <span class='ocrx_word' id='word_1_61' title='bbox 1182 774 1341 815; x_wconf 83' lang='lat' dir='ltr'><strong>terrae,</strong></span> 
     </span>
     <span class='ocr_line' id='line_1_9' title="bbox 139 837 1344 891; baseline -0.002 -10"><span class='ocrx_word' id='word_1_62' title='bbox 139 840 395 889; x_wconf 77' lang='lat' dir='ltr'><strong>adhaeserit,</strong></span> <span class='ocrx_word' id='word_1_63' title='bbox 436 839 599 891; x_wconf 84' lang='lat' dir='ltr'><strong>penitus</strong></span> <span class='ocrx_word' id='word_1_64' title='bbox 645 837 858 890; x_wconf 73' lang='lat' dir='ltr'><strong>effugerit,</strong></span> <span class='ocrx_word' id='word_1_65' title='bbox 903 849 1027 889; x_wconf 78' lang='lat' dir='ltr'><strong>atque</strong></span> <span class='ocrx_word' id='word_1_66' title='bbox 1072 838 1127 878; x_wconf 85' lang='lat' dir='ltr'><strong>ita</strong></span> <span class='ocrx_word' id='word_1_67' title='bbox 1170 839 1213 879; x_wconf 89' lang='lat' dir='ltr'><strong>in</strong></span> <span class='ocrx_word' id='word_1_68' title='bbox 1258 840 1344 891; x_wconf 87' lang='lat' dir='ltr'><strong>pri-</strong></span> 
     </span>
     <span class='ocr_line' id='line_1_10' title="bbox 138 909 1341 963; baseline 0.001 -9"><span class='ocrx_word' id='word_1_69' title='bbox 138 925 251 954; x_wconf 87' lang='lat' dir='ltr'><strong>mum</strong></span> <span class='ocrx_word' id='word_1_70' title='bbox 276 922 459 961; x_wconf 85' lang='lat' dir='ltr'><strong>statum,</strong></span> <span class='ocrx_word' id='word_1_71' title='bbox 492 914 533 952; x_wconf 89' lang='lat' dir='ltr'><strong>in</strong></span> <span class='ocrx_word' id='word_1_72' title='bbox 560 923 645 963; x_wconf 93' lang='lat' dir='ltr'><strong>quo</strong></span> <span class='ocrx_word' id='word_1_73' title='bbox 675 909 810 952; x_wconf 80' lang='lat' dir='ltr'><strong>fuerat</strong></span> <span class='ocrx_word' id='word_1_74' title='bbox 839 924 966 963; x_wconf 85' lang='lat' dir='ltr'><strong>quum</strong></span> <span class='ocrx_word' id='word_1_75' title='bbox 1003 924 1051 952; x_wconf 81' lang='lat' dir='ltr'><strong>ex</strong></span> <span class='ocrx_word' id='word_1_76' title='bbox 1077 916 1228 955; x_wconf 87' lang='lat' dir='ltr'><strong>summi</strong></span> <span class='ocrx_word' id='word_1_77' title='bbox 1262 913 1341 955; x_wconf 87' lang='lat' dir='ltr'><strong>Dei</strong></span> 
     </span>
     <span class='ocr_line' id='line_1_11' title="bbox 135 987 1339 1046; baseline 0.002 -15"><span class='ocrx_word' id='word_1_78' title='bbox 135 989 301 1031; x_wconf 76' lang='lat' dir='ltr'><strong>officina</strong></span> <span class='ocrx_word' id='word_1_79' title='bbox 341 988 555 1040; x_wconf 81' lang='lat' dir='ltr'><strong>prodiret,</strong></span> <span class='ocrx_word' id='word_1_80' title='bbox 603 992 870 1029; x_wconf 77' lang='lat' dir='ltr'><strong>restituatur:</strong></span> <span class='ocrx_word' id='word_1_81' title='bbox 910 987 994 1030; x_wconf 88' lang='lat' dir='ltr'><strong>vid.</strong></span> <span class='ocrx_word' id='word_1_82' title='bbox 1031 988 1134 1032; x_wconf 89' lang='lat' dir='ltr'><strong>ibid.</strong></span> <span class='ocrx_word' id='word_1_83' title='bbox 1170 1003 1213 1044; x_wconf 90' lang='lat' dir='ltr'><strong>p.</strong></span> <span class='ocrx_word' id='word_1_84' title='bbox 1242 1003 1339 1046; x_wconf 75' lang='lat'><strong>531.</strong></span> 
     </span>
     <span class='ocr_line' id='line_1_12' title="bbox 130 1063 273 1120; baseline 0 -11"><span class='ocrx_word' id='word_1_85' title='bbox 130 1078 223 1120; x_wconf 81' lang='lat' dir='ltr'><strong>seq.</strong></span> <span class='ocrx_word' id='word_1_86' title='bbox 244 1063 273 1083; x_wconf 89' lang='lat'><strong>’&#39;</strong></span> 
     </span>
    </p>

    <p class='ocr_par' dir='ltr' id='par_1_3' title="bbox 134 1139 1353 2478">
     <span class='ocr_line' id='line_1_13' title="bbox 191 1139 1339 1193; baseline 0 -11"><span class='ocrx_word' id='word_1_87' title='bbox 191 1140 304 1183; x_wconf 89' lang='lat' dir='ltr'><strong>Haec</strong></span> <span class='ocrx_word' id='word_1_88' title='bbox 340 1153 389 1182; x_wconf 86' lang='lat' dir='ltr'><strong>ex</strong></span> <span class='ocrx_word' id='word_1_89' title='bbox 424 1140 638 1193; x_wconf 75' lang='lat' dir='ltr'><strong>Dialogo,</strong></span> <span class='ocrx_word' id='word_1_90' title='bbox 685 1140 846 1183; x_wconf 85' lang='lat' dir='ltr'><strong>Timaei</strong></span> <span class='ocrx_word' id='word_1_91' title='bbox 886 1140 1055 1184; x_wconf 86' lang='lat' dir='ltr'><strong>nomine</strong></span> <span class='ocrx_word' id='word_1_92' title='bbox 1102 1139 1339 1193; x_wconf 85' lang='lat' dir='ltr'><strong>inscripto,</strong></span> 
     </span>
     <span class='ocr_line' id='line_1_14' title="bbox 141 1216 1344 1269; baseline -0.004 -8"><span class='ocrx_word' id='word_1_93' title='bbox 141 1219 215 1261; x_wconf 86' lang='lat' dir='ltr'><strong>ubi</strong></span> <span class='ocrx_word' id='word_1_94' title='bbox 241 1219 358 1260; x_wconf 89' lang='lat' dir='ltr'><strong>Plato</strong></span> <span class='ocrx_word' id='word_1_95' title='bbox 382 1219 626 1260; x_wconf 84' lang='lat' dir='ltr'><strong>sententiam</strong></span> <span class='ocrx_word' id='word_1_96' title='bbox 659 1231 772 1258; x_wconf 83' lang='lat' dir='ltr'><strong>suam</strong></span> <span class='ocrx_word' id='word_1_97' title='bbox 802 1218 851 1258; x_wconf 93' lang='lat' dir='ltr'><strong>de</strong></span> <span class='ocrx_word' id='word_1_98' title='bbox 884 1230 1017 1259; x_wconf 88' lang='lat' dir='ltr'><strong>rerum</strong></span> <span class='ocrx_word' id='word_1_99' title='bbox 1055 1216 1274 1269; x_wconf 81' lang='lat' dir='ltr'><strong>principiis</strong></span> <span class='ocrx_word' id='word_1_100' title='bbox 1303 1224 1344 1256; x_wconf 84' lang='lat' dir='ltr'><strong>et</strong></span> 
     </span>
     <span class='ocr_line' id='line_1_15' title="bbox 138 1290 1345 1347; baseline -0.005 -9"><span class='ocrx_word' id='word_1_101' title='bbox 138 1306 232 1338; x_wconf 90' lang='lat' dir='ltr'><strong>ortu</strong></span> <span class='ocrx_word' id='word_1_102' title='bbox 267 1294 463 1347; x_wconf 85' lang='lat' dir='ltr'><strong>explicat.</strong></span> <span class='ocrx_word' id='word_1_103' title='bbox 536 1293 760 1334; x_wconf 81' lang='lat' dir='ltr'><strong>Videamus</strong></span> <span class='ocrx_word' id='word_1_104' title='bbox 795 1293 879 1346; x_wconf 86' lang='lat' dir='ltr'><strong>jam</strong></span> <span class='ocrx_word' id='word_1_105' title='bbox 916 1293 1143 1345; x_wconf 78' lang='lat' dir='ltr'><strong>peculiares</strong></span> <span class='ocrx_word' id='word_1_106' title='bbox 1182 1293 1231 1334; x_wconf 92' lang='lat' dir='ltr'><strong>de</strong></span> <span class='ocrx_word' id='word_1_107' title='bbox 1261 1290 1345 1332; x_wconf 83' lang='lat' dir='ltr'><strong>Im-</strong></span> 
     </span>
     <span class='ocr_line' id='line_1_16' title="bbox 135 1368 1345 1422; baseline -0.004 -8"><span class='ocrx_word' id='word_1_108' title='bbox 135 1372 386 1414; x_wconf 89' lang='lat' dir='ltr'><strong>mortalitate</strong></span> <span class='ocrx_word' id='word_1_109' title='bbox 427 1370 765 1422; x_wconf 80' lang='lat' dir='ltr'><strong>disputationes,</strong></span> <span class='ocrx_word' id='word_1_110' title='bbox 809 1369 866 1410; x_wconf 85' lang='lat' dir='ltr'><strong>ita</strong></span> <span class='ocrx_word' id='word_1_111' title='bbox 913 1368 1079 1421; x_wconf 90' lang='lat' dir='ltr'><strong>quidem</strong></span> <span class='ocrx_word' id='word_1_112' title='bbox 1128 1379 1173 1409; x_wconf 90' lang='lat' dir='ltr'><strong>ut</strong></span> <span class='ocrx_word' id='word_1_113' title='bbox 1213 1379 1281 1410; x_wconf 87' lang='lat' dir='ltr'><strong>eas</strong></span> <span class='ocrx_word' id='word_1_114' title='bbox 1321 1380 1345 1409; x_wconf 84' lang='lat' dir='ltr'><strong>a</strong></span> 
     </span>
     <span class='ocr_line' id='line_1_17' title="bbox 135 1443 1342 1499; baseline -0.005 -9"><span class='ocrx_word' id='word_1_115' title='bbox 135 1446 310 1490; x_wconf 80' lang='lat' dir='ltr'><strong>&#39;Fabulis</strong></span> <span class='ocrx_word' id='word_1_116' title='bbox 359 1448 689 1499; x_wconf 85' lang='lat' dir='ltr'><strong>distinguamus.</strong></span> <span class='ocrx_word' id='word_1_117' title='bbox 773 1443 882 1485; x_wconf 89' lang='lat' dir='ltr'><strong>Nam</strong></span> <span class='ocrx_word' id='word_1_118' title='bbox 937 1445 1072 1485; x_wconf 77' lang='lat' dir='ltr'><strong>tribus</strong></span> <span class='ocrx_word' id='word_1_119' title='bbox 1121 1445 1342 1498; x_wconf 78' lang='lat' dir='ltr'><strong>Dialogis,</strong></span> 
     </span>
     <span class='ocr_line' id='line_1_18' title="bbox 134 1521 1346 1579; baseline -0.004 -11"><span class='ocrx_word' id='word_1_120' title='bbox 134 1525 344 1579; x_wconf 74' lang='lat' dir='ltr'><strong>Gorgiae,</strong></span> <span class='ocrx_word' id='word_1_121' title='bbox 375 1526 484 1565; x_wconf 86' lang='lat' dir='ltr'><strong>libro</strong></span> <span class='ocrx_word' id='word_1_122' title='bbox 519 1525 667 1565; x_wconf 88' lang='lat' dir='ltr'><strong>ultimo</strong></span> <span class='ocrx_word' id='word_1_123' title='bbox 705 1525 753 1564; x_wconf 88' lang='lat' dir='ltr'><strong>de</strong></span> <span class='ocrx_word' id='word_1_124' title='bbox 787 1523 1053 1576; x_wconf 74' lang='lat' dir='ltr'><strong>Republica,</strong></span> <span class='ocrx_word' id='word_1_125' title='bbox 1089 1532 1129 1564; x_wconf 90' lang='lat' dir='ltr'><strong>et</strong></span> <span class='ocrx_word' id='word_1_126' title='bbox 1164 1521 1346 1564; x_wconf 87' lang='lat' dir='ltr'><strong>Phaedo-</strong></span> 
     </span>
     <span class='ocr_line' id='line_1_19' title="bbox 135 1595 1347 1653; baseline -0.001 -10"><span class='ocrx_word' id='word_1_127' title='bbox 135 1595 361 1652; x_wconf 51' lang='lat' dir='ltr'><strong>ni‚‘Plato</strong></span> <span class='ocrx_word' id='word_1_128' title='bbox 396 1600 602 1653; x_wconf 67' lang='lat' dir='ltr'><strong>eiusmodi</strong></span> <span class='ocrx_word' id='word_1_129' title='bbox 638 1601 829 1651; x_wconf 80' lang='lat' dir='ltr'><strong>epilogos</strong></span> <span class='ocrx_word' id='word_1_130' title='bbox 861 1599 1039 1653; x_wconf 76' lang='lat' dir='ltr'><strong>adJecit‚</strong></span> <span class='ocrx_word' id='word_1_131' title='bbox 1074 1599 1144 1640; x_wconf 88' lang='lat' dir='ltr'><strong>ubi</strong></span> <span class='ocrx_word' id='word_1_132' title='bbox 1170 1601 1220 1641; x_wconf 90' lang='lat' dir='ltr'><strong>de</strong></span> <span class='ocrx_word' id='word_1_133' title='bbox 1243 1612 1347 1642; x_wconf 90' lang='lat' dir='ltr'><strong>con-</strong></span> 
     </span>
     <span class='ocr_line' id='line_1_20' title="bbox 138 1671 1351 1727; baseline -0.002 -9"><span class='ocrx_word' id='word_1_134' title='bbox 138 1677 298 1718; x_wconf 88' lang='lat' dir='ltr'><strong>ditione</strong></span> <span class='ocrx_word' id='word_1_135' title='bbox 336 1675 578 1717; x_wconf 83' lang='lat' dir='ltr'><strong>Animarum</strong></span> <span class='ocrx_word' id='word_1_136' title='bbox 615 1675 727 1725; x_wconf 91' lang='lat' dir='ltr'><strong>apud</strong></span> <span class='ocrx_word' id='word_1_137' title='bbox 759 1671 920 1715; x_wconf 88' lang='lat' dir='ltr'><strong>lnferos</strong></span> <span class='ocrx_word' id='word_1_138' title='bbox 955 1685 1004 1714; x_wconf 80' lang='lat' dir='ltr'><strong>ex</strong></span> <span class='ocrx_word' id='word_1_139' title='bbox 1031 1673 1224 1725; x_wconf 87' lang='lat' dir='ltr'><strong>populari</strong></span> <span class='ocrx_word' id='word_1_140' title='bbox 1258 1674 1351 1727; x_wconf 75' lang='lat' dir='ltr'><strong>opi-</strong></span> 
     </span>
     <span class='ocr_line' id='line_1_21' title="bbox 137 1749 1350 1804; baseline -0.004 -8"><span class='ocrx_word' id='word_1_141' title='bbox 137 1753 265 1796; x_wconf 81' lang='lat' dir='ltr'><strong>nione</strong></span> <span class='ocrx_word' id='word_1_142' title='bbox 300 1761 339 1793; x_wconf 91' lang='lat' dir='ltr'><strong>et</strong></span> <span class='ocrx_word' id='word_1_143' title='bbox 372 1761 588 1804; x_wconf 90' lang='lat' dir='ltr'><strong>poetarum</strong></span> <span class='ocrx_word' id='word_1_144' title='bbox 627 1749 796 1791; x_wconf 86' lang='lat' dir='ltr'><strong>Fabulis</strong></span> <span class='ocrx_word' id='word_1_145' title='bbox 828 1759 1067 1801; x_wconf 81' lang='lat' dir='ltr'><strong>exponeret.</strong></span> <span class='ocrx_word' id='word_1_146' title='bbox 1127 1749 1249 1804; x_wconf 84' lang='lat' dir='ltr'><strong>Quos</strong></span> <span class='ocrx_word' id='word_1_147' title='bbox 1282 1751 1350 1791; x_wconf 84' lang='lat' dir='ltr'><strong>lo-</strong></span> 
     </span>
     <span class='ocr_line' id='line_1_22' title="bbox 137 1825 1350 1878; baseline -0.003 -6"><span class='ocrx_word' id='word_1_148' title='bbox 137 1841 214 1874; x_wconf 86' lang='lat' dir='ltr'><strong>cos</strong></span> <span class='ocrx_word' id='word_1_149' title='bbox 249 1830 310 1870; x_wconf 87' lang='lat' dir='ltr'><strong>nil</strong></span> <span class='ocrx_word' id='word_1_150' title='bbox 346 1830 491 1870; x_wconf 86' lang='lat' dir='ltr'><strong>attinet</strong></span> <span class='ocrx_word' id='word_1_151' title='bbox 525 1827 697 1878; x_wconf 66' lang='lat' dir='ltr'><strong>reserreg,</strong></span> <span class='ocrx_word' id='word_1_152' title='bbox 730 1836 769 1867; x_wconf 91' lang='lat' dir='ltr'><strong>et</strong></span> <span class='ocrx_word' id='word_1_153' title='bbox 802 1826 838 1867; x_wconf 91' lang='lat' dir='ltr'><strong>si</strong></span> <span class='ocrx_word' id='word_1_154' title='bbox 870 1826 973 1878; x_wconf 87' lang='lat' dir='ltr'><strong>quid</strong></span> <span class='ocrx_word' id='word_1_155' title='bbox 997 1825 1150 1866; x_wconf 90' lang='lat' dir='ltr'><strong>habent</strong></span> <span class='ocrx_word' id='word_1_156' title='bbox 1177 1838 1225 1869; x_wconf 87' lang='lat' dir='ltr'><strong>ex</strong></span> <span class='ocrx_word' id='word_1_157' title='bbox 1248 1838 1350 1878; x_wconf 87' lang='lat' dir='ltr'><strong>pro-</strong></span> 
     </span>
     <span class='ocr_line' id='line_1_23' title="bbox 142 1902 1351 1960; baseline -0.003 -12"><span class='ocrx_word' id='word_1_158' title='bbox 142 1908 236 1960; x_wconf 68' lang='lat' dir='ltr'><strong>pria</strong></span> <span class='ocrx_word' id='word_1_159' title='bbox 259 1915 299 1945; x_wconf 87' lang='lat' dir='ltr'><strong>et</strong></span> <span class='ocrx_word' id='word_1_160' title='bbox 335 1904 530 1946; x_wconf 87' lang='lat' dir='ltr'><strong>interiore</strong></span> <span class='ocrx_word' id='word_1_161' title='bbox 565 1902 815 1954; x_wconf 85' lang='lat' dir='ltr'><strong>Philosophi</strong></span> <span class='ocrx_word' id='word_1_162' title='bbox 839 1903 1057 1953; x_wconf 79' lang='lat' dir='ltr'><strong>doctrina,</strong></span> <span class='ocrx_word' id='word_1_163' title='bbox 1088 1902 1170 1943; x_wconf 81' lang='lat' dir='ltr'><strong>hoe</strong></span> <span class='ocrx_word' id='word_1_164' title='bbox 1203 1911 1351 1954; x_wconf 82' lang='lat' dir='ltr'><strong>postea</strong></span> 
     </span>
     <span class='ocr_line' id='line_1_24' title="bbox 139 1977 1350 2030; baseline -0.004 -7"><span class='ocrx_word' id='word_1_165' title='bbox 139 1980 398 2024; x_wconf 88' lang='lat' dir='ltr'><strong>notabimus.</strong></span> <span class='ocrx_word' id='word_1_166' title='bbox 466 1978 577 2020; x_wconf 90' lang='lat' dir='ltr'><strong>Illud</strong></span> <span class='ocrx_word' id='word_1_167' title='bbox 610 1988 650 2019; x_wconf 91' lang='lat' dir='ltr'><strong>et</strong></span> <span class='ocrx_word' id='word_1_168' title='bbox 683 1978 726 2019; x_wconf 91' lang='lat' dir='ltr'><strong>in</strong></span> <span class='ocrx_word' id='word_1_169' title='bbox 763 1977 910 2030; x_wconf 89' lang='lat' dir='ltr'><strong>primis</strong></span> <span class='ocrx_word' id='word_1_170' title='bbox 943 1987 982 2019; x_wconf 90' lang='lat' dir='ltr'><strong>et</strong></span> <span class='ocrx_word' id='word_1_171' title='bbox 1013 1977 1189 2019; x_wconf 82' lang='lat' dir='ltr'><strong>maxime</strong></span> <span class='ocrx_word' id='word_1_172' title='bbox 1228 1990 1350 2028; x_wconf 78' lang='lat' dir='ltr'><strong>quae·-</strong></span> 
     </span>
     <span class='ocr_line' id='line_1_25' title="bbox 140 2047 1350 2107; baseline -0.002 -10"><span class='ocrx_word' id='word_1_173' title='bbox 140 2056 344 2107; x_wconf 78' lang='lat' dir='ltr'><strong>rendum,</strong></span> <span class='ocrx_word' id='word_1_174' title='bbox 386 2054 541 2107; x_wconf 89' lang='lat' dir='ltr'><strong>quibus</strong></span> <span class='ocrx_word' id='word_1_175' title='bbox 584 2047 830 2095; x_wconf 78' lang='lat' dir='ltr'><strong>rationibus</strong></span> <span class='ocrx_word' id='word_1_176' title='bbox 864 2064 903 2094; x_wconf 90' lang='lat' dir='ltr'><strong>et</strong></span> <span class='ocrx_word' id='word_1_177' title='bbox 934 2055 1186 2107; x_wconf 77' lang='lat' dir='ltr'><strong>argumentis</strong></span> <span class='ocrx_word' id='word_1_178' title='bbox 1230 2054 1350 2095; x_wconf 86' lang='lat' dir='ltr'><strong>Plato</strong></span> 
     </span>
     <span class='ocr_line' id='line_1_26' title="bbox 138 2130 1353 2174; baseline -0.002 0"><span class='ocrx_word' id='word_1_179' title='bbox 138 2132 391 2174; x_wconf 86' lang='lat' dir='ltr'><strong>Animorum</strong></span> <span class='ocrx_word' id='word_1_180' title='bbox 437 2130 791 2173; x_wconf 79' lang='lat' dir='ltr'><strong>Immortalitatem</strong></span> <span class='ocrx_word' id='word_1_181' title='bbox 839 2130 1045 2172; x_wconf 85' lang='lat' dir='ltr'><strong>conficere</strong></span> <span class='ocrx_word' id='word_1_182' title='bbox 1088 2143 1133 2172; x_wconf 91' lang='lat' dir='ltr'><strong>ac</strong></span> <span class='ocrx_word' id='word_1_183' title='bbox 1178 2131 1353 2172; x_wconf 88' lang='lat' dir='ltr'><strong>demon-</strong></span> 
     </span>
     <span class='ocr_line' id='line_1_27' title="bbox 149 2206 1351 2261; baseline -0.002 -11"><span class='ocrx_word' id='word_1_184' title='bbox 149 2218 280 2250; x_wconf 79' lang='lat' dir='ltr'><strong>strare</strong></span> <span class='ocrx_word' id='word_1_185' title='bbox 304 2208 528 2250; x_wconf 86' lang='lat' dir='ltr'><strong>studuerit.</strong></span> <span class='ocrx_word' id='word_1_186' title='bbox 590 2206 706 2261; x_wconf 88' lang='lat' dir='ltr'><strong>Quae</strong></span> <span class='ocrx_word' id='word_1_187' title='bbox 732 2206 897 2259; x_wconf 87' lang='lat' dir='ltr'><strong>quidem</strong></span> <span class='ocrx_word' id='word_1_188' title='bbox 924 2218 1164 2259; x_wconf 80' lang='lat' dir='ltr'><strong>argumenta</strong></span> <span class='ocrx_word' id='word_1_189' title='bbox 1190 2207 1231 2248; x_wconf 89' lang='lat' dir='ltr'><strong>in</strong></span> <span class='ocrx_word' id='word_1_190' title='bbox 1254 2208 1351 2261; x_wconf 83' lang='lat' dir='ltr'><strong>plu-</strong></span> 
     </span>
     <span class='ocr_line' id='line_1_28' title="bbox 144 2282 1348 2336; baseline 0 -11"><span class='ocrx_word' id='word_1_191' title='bbox 144 2285 264 2326; x_wconf 84' lang='lat' dir='ltr'><strong>ribus</strong></span> <span class='ocrx_word' id='word_1_192' title='bbox 301 2283 463 2335; x_wconf 86' lang='lat' dir='ltr'><strong>prodita</strong></span> <span class='ocrx_word' id='word_1_193' title='bbox 500 2294 598 2325; x_wconf 90' lang='lat' dir='ltr'><strong>sunt</strong></span> <span class='ocrx_word' id='word_1_194' title='bbox 634 2283 855 2336; x_wconf 88' lang='lat' dir='ltr'><strong>Dialogis‚</strong></span> <span class='ocrx_word' id='word_1_195' title='bbox 899 2282 1102 2335; x_wconf 84' lang='lat' dir='ltr'><strong>Timaeo,</strong></span> <span class='ocrx_word' id='word_1_196' title='bbox 1133 2283 1348 2335; x_wconf 81' lang='lat' dir='ltr'><strong>Menone‚</strong></span> 
     </span>
     <span class='ocr_line' id='line_1_29' title="bbox 136 2358 1352 2414; baseline -0.001 -11"><span class='ocrx_word' id='word_1_197' title='bbox 136 2359 323 2403; x_wconf 86' lang='lat' dir='ltr'><strong>Phaedro</strong></span> <span class='ocrx_word' id='word_1_198' title='bbox 353 2389 368 2411; x_wconf 85' lang='lat'><strong>,</strong></span> <span class='ocrx_word' id='word_1_199' title='bbox 409 2359 568 2403; x_wconf 90' lang='lat' dir='ltr'><strong>decimo</strong></span> <span class='ocrx_word' id='word_1_200' title='bbox 601 2361 650 2403; x_wconf 90' lang='lat' dir='ltr'><strong>de</strong></span> <span class='ocrx_word' id='word_1_201' title='bbox 691 2358 929 2414; x_wconf 74' lang='lat' dir='ltr'><strong>Republica</strong></span> <span class='ocrx_word' id='word_1_202' title='bbox 952 2390 967 2413; x_wconf 85' lang='lat'><strong>,</strong></span> <span class='ocrx_word' id='word_1_203' title='bbox 1005 2371 1046 2403; x_wconf 93' lang='lat' dir='ltr'><strong>et</strong></span> <span class='ocrx_word' id='word_1_204' title='bbox 1088 2361 1261 2404; x_wconf 84' lang='lat' dir='ltr'><strong>maxime</strong></span> <span class='ocrx_word' id='word_1_205' title='bbox 1308 2361 1352 2402; x_wconf 85' lang='lat' dir='ltr'><strong>in</strong></span> 
     </span>
     <span class='ocr_line' id='line_1_30' title="bbox 139 2434 374 2478; baseline -0.004 0"><span class='ocrx_word' id='word_1_206' title='bbox 139 2434 374 2478; x_wconf 86' lang='lat' dir='ltr'><strong>Phaedone.</strong></span> 
     </span>
    </p>

    <p class='ocr_par' dir='ltr' id='par_1_4' title="bbox 196 2511 1585 2569">
     <span class='ocr_line' id='line_1_31' title="bbox 196 2511 1585 2569; baseline -0.001 -15"><span class='ocrx_word' id='word_1_207' title='bbox 196 2512 254 2555; x_wconf 88' lang='lat' dir='ltr'><strong>Et</strong></span> <span class='ocrx_word' id='word_1_208' title='bbox 281 2512 326 2555; x_wconf 90' lang='lat' dir='ltr'><strong>in</strong></span> <span class='ocrx_word' id='word_1_209' title='bbox 351 2511 522 2557; x_wconf 85' lang='lat' dir='ltr'><strong>Timaeo</strong></span> <span class='ocrx_word' id='word_1_210' title='bbox 550 2526 655 2569; x_wconf 83' lang='lat' dir='ltr'><strong>quae</strong></span> <span class='ocrx_word' id='word_1_211' title='bbox 688 2522 881 2569; x_wconf 83' lang='lat' dir='ltr'><strong>exstant,</strong></span> <span class='ocrx_word' id='word_1_212' title='bbox 912 2515 1040 2559; x_wconf 74' lang='lat' dir='ltr'><strong>modo</strong></span> <span class='ocrx_word' id='word_1_213' title='bbox 1075 2515 1355 2569; x_wconf 83' lang='lat' dir='ltr'><strong>protulimus.</strong></span> <span class='ocrx_word' id='word_1_214' title='bbox 1378 2531 1454 2565; x_wconf 61' lang='lat' dir='ltr'><strong>Arg.</strong></span> <span class='ocrx_word' id='word_1_215' title='bbox 1476 2521 1585 2557; x_wconf 58' lang='grc' dir='ltr'><strong>ατί.</strong></span> 
     </span>
    </p>

    <p class='ocr_par' dir='ltr' id='par_1_5' title="bbox 1209 2580 1483 2633">
     <span class='ocr_line' id='line_1_32' title="bbox 1209 2580 1483 2633; baseline -0.011 -29"><span class='ocrx_word' id='word_1_216' title='bbox 1209 2618 1214 2620; x_wconf 21' lang='grc' dir='ltr'>ῃ</span> <span class='ocrx_word' id='word_1_217' title='bbox 1251 2592 1359 2633; x_wconf 56' lang='lat' dir='ltr'>Sunt</span> <span class='ocrx_word' id='word_1_218' title='bbox 1378 2580 1483 2604; x_wconf 63' lang='lat' dir='ltr'><strong>maeo-</strong></span> 
     </span>
    </p>
   </div>
  </div>
 </body>
</html>
