1693 3110
184 355 270 390 Sect.
293 359 332 393 X.

183 400 320 435 cicero.

374 231 459 288 644
672 210 1282 274 susp-ummo

380 356 436 396 ris
463 352 650 395 ultimam
684 352 960 404 particulam,
993 353 1075 403 qua
1119 342 1337 394 Somnium
1374 346 1589 405 Scipionis

381 429 622 474 continetur
646 459 662 481 ,
707 428 844 470 eadem
885 427 1163 488 absumsisset
1207 421 1398 470 fortunae
1434 421 1589 482 iniqui-³¹

379 517 479 557 taS,
511 506 593 548 nisi
625 499 876 547 Macrobius
925 516 1011 546 eam
1047 504 1360 547 Commentario
1390 505 1594 546 illustras-

378 593 470 635 set,
503 582 576 635 qui
611 581 660 622 ad
691 590 875 622 nostram
904 589 1075 622 aetatem
1112 591 1301 623 servatus
1335 590 1414 624 cst.
1472 579 1589 638 Mihi

380 661 546 712 quidem
565 690 580 711 ,
610 654 706 700 cutn'
729 658 772 699 in
795 656 1039 699 Tusculana
1069 657 1201 709 prima
1227 664 1267 698 et
1301 655 1593 700 de'Senect'ute

379 735 540 788 egregie
563 747 609 776 ac
637 734 776 777 divine
799 733 880 775 hoc
907 731 1197 786 argumentum
1222 746 1470 786 exornasse,
1502 728 1593 777 tum*

378 812 423 854 in
444 812 620 855 Somnio
641 809 856 863 Scipionis
891 822 935 851 se
961 808 1051 862 ipse
1077 820 1302 862 superasse
1331 810 1495 851 videtur
1515 807 1594 851 Ci.

379 891 490 930 cero.
562 886 670 928 Nam
711 884 906 938 quamvis
941 896 1051 925 nova
1098 884 1432 927 Immortalitatis
1475 897 1595 940 argu·

377 970 516 1003 menta
539 963 656 1005 nulla
686 961 865 1014 protulit
885 966 917 1014 ‚‘
935 966 1072 1002 t'amen
1097 961 1386 1014 Antiquorum
1414 961 1595 1003 inventis

376 1035 436 1077 ita
460 1047 564 1078 usus
589 1045 650 1078 est
666 1067 681 1089 ,
714 1036 771 1077 ita
801 1036 1005 1078 humanae
1028 1036 1179 1077 mentis
1205 1045 1344 1077 ortum
1369 1042 1414 1076 ac
1439 1041 1595 1076 sortem

379 1110 610 1163 exposuit,
643 1110 698 1151 ita
721 1109 906 1151 futuram
933 1110 1099 1163 piorum
1129 1110 1413 1151 conditionem
1439 1099 1595 1151 deseri-32

379 1183 472 1237 psit
489 1214 505 1237 ,
536 1194 585 1227 ut
613 1184 868 1228 inhumanus
889 1195 928 1227 et
952 1187 1073 1240 plane
1097 1185 1254 1227 ferreus
1284 1186 1341 1227 sit
1367 1186 1440 1238 qui
1464 1184 1596 1227 libelli

379 1260 562 1303 lectione
592 1272 678 1304 non
710 1262 856 1303 melior
888 1261 988 1313 fiat,
1021 1274 1122 1312 uec,
1156 1262 1307 1314 spretis
1343 1263 1513 1302 terrenis
1552 1246 1594 1301 et

381 1335 607 1389 fragilibus
646 1334 799 1386 rebus,
841 1337 1041 1377 coelestia
1076 1345 1115 1375 et
1146 1334 1286 1376 divina
1311 1343 1593 1376 consectetur.

382 1411 482 1466 Quo
512 1408 725 1452 difficilius
763 1420 828 1452 est
864 1411 1046 1451 rationes
1070 1410 1147 1451 illo
1176 1411 1285 1452 libro
1309 1411 1525 1462 expositas
1549 1408 1595 1450 in

370 1485 674 1537 compendium
713 1485 909 1538 redigere.
967 1483 1065 1525 Huc
1091 1485 1278 1535 accedit,
1311 1486 1426 1536 quod
1460 1484 1595 1537 pluri·

383 1573 451 1603 ma
475 1559 694 1614 interiecta
719 1571 818 1601 sunt
843 1574 890 1602 ex
918 1563 1112 1603 Veterum
1138 1560 1420 1602 Astronomia
1436 1561 1596 1613 etPliy-

366 1637 500 1690 sica,
535 1649 642 1689 quae
677 1637 729 1678 ad
750 1636 865 1677 sedes
892 1635 1108 1677 beatorum
1139 1634 1340 1677 coelestes
1360 1646 1597 1677 accommo-

380 1716 546 1760 dantur.
607 1713 779 1770 Quibus
816 1714 983 1767 quidem
1029 1713 1231 1766 omissis,
1265 1713 1423 1766 quippe
1446 1713 1596 1766 partim

381 1795 432 1835 ad
464 1803 658 1835 ornatum
707 1793 853 1845 potius
894 1805 1016 1845 quarn
1040 1805 1088 1834 ex
1111 1805 1208 1837 vero
1246 1795 1473 1845 assumtis,
1507 1805 1602 1844 par·-

363 1870 456 1911 ‘tim
496 1872 666 1924 longius
705 1882 727 1911 a
751 1879 900 1912 nostro
927 1869 1125 1912 instituto
1155 1869 1352 1921 remotis,
1385 1870 1597 1913 videamus

380 1955 546 1988 tantum
579 1947 627 1988 de
657 1946 708 1988 iis
729 1978 743 1999 ,
778 1959 887 1998 quae
922 1947 1111 1999 proxime
1147 1948 1198 1989 ad
1230 1956 1387 1988 statum
1421 1947 1599 1988 Aninio-

380 2032 473 2063 rum
500 2032 599 2074 post
625 2022 732 2063 hanc
753 2022 883 2065 vitam
911 2022 1164 2065 referuntur.

439 2097 673 2140 Hominum
714 2099 858 2140 Animi
905 2111 953 2141 ex
1000 2099 1243 2151 sideribus,
1297 2108 1403 2150 quae
1440 2099 1597 2142 diVInis

381 2173 557 2215 animata
593 2184 693 2216 sunt
725 2175 966 2227 mentibus,
1009 2188 1031 2216 a
1069 2176 1258 2229 principe
1306 2175 1426 2227 Deo,
1465 2177 1592 2230 liujus

381 2249 536 2292 Mundi
559 2252 859 2305 gubernatore,
886 2252 925 2293 iu
951 2253 1055 2294 hanc
1085 2262 1228 2293 terram
1262 2253 1589 2295 collocatisunt‘.

360 2327 522 2380 *Hujus
557 2328 767 2370 voluntati
800 2328 834 2369 si
873 2328 1282 2379 obtemperaverint,
1316 2328 1466 2370 abeunt
1496 2328 1594 2381 post

360 2412 556 2444 ‘mortem
584 2403 623 2445 in
649 2404 788 2445 locum
818 2404 1230 2455 beatorum,qui·est
1257 2404 1299 2445 in
1329 2405 1590 2446 orbelact'eo.

381 2476 441 2519 Et
464 2478 534 2518 illa
553 2478 715 2519 demum
755 2492 848 2521 vera
873 2490 935 2521 est
957 2480 1072 2529 vita3
1110 2491 1200 2520 nani
1227 2492 1298 2531 ea,
1331 2489 1451 2532 quam
1480 2490 1591 2521 nunc

382 2553 572 2608 degimus
607 2554 651 2596 in
689 2566 895 2610 corpore,
937 2567 1050 2600 mors
1088 2566 1168 2600 est.
1227 2556 1304 2601 Nil
1340 2566 1472 2599 autem
1503 2557 1594 2598 Deo

1504 2641 1596 2684 gra-
