1693 3110
363 181 470 227 DE
538 178 976 226 UNITATE
1043 179 1213 226 DEI.
1316 179 1399 237 461

204 313 306 347 sunt
332 305 515 358 generis:
550 315 730 356 quorum
767 302 810 345 in
846 304 977 345 altero
1009 303 1101 356 ipsa
1129 315 1202 356 per
1233 315 1278 344 se
1309 305 1400 346 sola

205 381 271 422 vis
305 380 556 430 infinitatis,
588 379 631 420 in
664 380 792 419 altero
817 378 908 418 aliis
940 378 1157 420 attributis
1179 379 1401 431 adjuncta,

204 466 434 508 spectatur.
494 454 551 495 Et
586 453 629 494 in
665 452 796 505 priori
833 453 998 504 quidem
1028 467 1173 508 genere
1196 455 1406 509 duplicem

205 533 405 573 rationem
445 529 695 582 frequentari
724 528 1109 572 animadvertimus.

271 619 309 649 1.
342 607 484 647 Altera
520 606 624 647 ratio
657 616 700 644 ea
735 613 827 655 est,
862 615 944 656 qua
975 616 1101 657 supra
1135 606 1409 659 monuimus,

204 694 330 724 usum
371 694 462 725 esse
503 691 966 722 TERTULLIANUM
1012 689 1152 722 contr.
1194 681 1405 727 Marcion.

205 758 253 809 Ι,
285 772 341 811 4,
373 760 416 799 6.
463 757 534 809 qui
573 756 615 798 in
652 756 742 808 ipsa
783 765 927 797 natura
960 756 1124 798 Summi
1158 769 1196 799 s.
1228 759 1411 812 infiniti,

203 833 402 875 unitatem
437 832 675 883 contineri,
717 830 793 873 ait.
865 830 985 884 Quae
1021 831 1127 874 ratio
1163 832 1244 875 huc
1288 835 1408 876 redit.

207 938 243 961 ‚a
275 910 488 950 Summum
528 916 614 959 est,
658 910 728 948 cui
761 906 829 947 nil
862 906 989 948 aliud
1008 917 1099 961 par
1141 917 1229 949 est:
1302 910 1414 951 Deus

205 1013 244 1036 9,
276 992 335 1024 est
368 997 564 1025 summus.
640 982 760 1037 Ergo
795 982 863 1022 nil
894 984 932 1023 ei
962 994 1049 1038 par
1081 993 1168 1034 est,
1208 998 1240 1026 s.
1275 985 1415 1027 nullas

205 1090 243 1112 „
276 1059 387 1101 alius
407 1069 466 1100 est
487 1058 603 1099 Deus
621 1088 636 1107 ‚
666 1067 846 1112 praeter
866 1057 1088 1100 unicum.’'
1140 1058 1301 1100 Vitium
1328 1062 1415 1112 syl-

201 1134 374 1187 logismi
409 1144 472 1176 est
507 1135 549 1175 in
589 1133 912 1186 propositione,
957 1145 1062 1185 quae
1103 1133 1247 1176 falsam
1290 1135 1416 1178 habet

199 1211 362 1252 Summi
403 1208 704 1251 definitionem.
777 1208 886 1250 Nam
938 1208 1045 1249 illud
1092 1210 1257 1260 quidem
1296 1212 1414 1263 quod

197 1286 331 1337 vulgo
366 1285 580 1325 Summum
609 1294 842 1336 vocamus,
878 1283 1023 1324 existit
1050 1296 1100 1326 ex
1132 1288 1412 1338 comparatio-

197 1372 279 1404 ne:
317 1371 403 1401 non
438 1358 536 1401 item
573 1358 708 1411 illui,
753 1360 868 1412 quod
916 1372 1010 1402 vere
1054 1359 1273 1403 Summum
1320 1373 1409 1406 est:

200 1435 360 1487 quippe
395 1435 509 1487 quod
556 1434 806 1485 intelligitur
849 1447 922 1475 sua
967 1435 1152 1486 virtute,
1194 1450 1279 1479 non
1313 1439 1412 1479 alia.

199 1522 290 1551 rum
317 1522 451 1550 rerum
486 1509 786 1549 imbecillitate.
848 1509 984 1562 Igitur
1007 1510 1226 1554 manifesta
1251 1523 1312 1553 est
1333 1512 1413 1555 fal-

199 1585 330 1634 lacia,
376 1595 496 1635 quam
532 1583 775 1635 petitionem
815 1585 1015 1637 principii
1061 1597 1234 1630 vocant.
1303 1591 1413 1632 Nam

195 1660 374 1712 primum
401 1659 768 1699 demonstrandum
796 1670 880 1701 erat
920 1663 1134 1704 Summum
1166 1676 1247 1703 esse
1269 1663 1410 1716 illud,

198 1739 269 1779 cui
308 1735 375 1776 m‘l
408 1745 496 1790 par
535 1736 607 1775 sia.
678 1734 814 1786 Atqui
855 1737 995 1777 eodem
1033 1739 1158 1779 modo
1198 1739 1280 1780 diei
1313 1752 1416 1791 pos·

195 1811 284 1861 sit,
324 1820 532 1850 summum
579 1810 746 1861 gradum
790 1811 1129 1866 uniuscujusque
1159 1813 1330 1856 virtutis
1363 1816 1408 1858 in

200 1884 371 1926 unicum
424 1886 626 1927 duntaxat
671 1883 934 1927 individuum
984 1888 1157 1930 cadere:
1208 1902 1310 1941 seu,
1365 1900 1413 1931 ut

197 1959 468 2014 grammatice
503 1960 656 2011 loquar
680 1990 695 2010 ‚
747 1961 1069 2016 Superlativam
1108 1965 1297 2020 gradum
1332 1967 1411 2008 ἡα-

196 2036 292 2077 bere
324 2048 544 2076 numerum
579 2035 796 2076 duntaxat
834 2038 1125 2091 singularem,
1157 2055 1239 2082 non
1259 2042 1413 2094 plara.

193 2111 290 2154 lem.
358 2109 492 2162 Igitur
527 2109 654 2152 fallax
692 2122 755 2152 est
804 2111 885 2152 hoc
925 2126 1209 2157 commentum
1241 2117 1414 2159 Tertul-

187 2184 305 2225 liani.
376 2183 483 2224 Nam
518 2186 745 2227 'Summum
792 2198 855 2228 est
902 2188 1036 2241 illud,
1080 2192 1196 2242 quod
1246 2193 1290 2234 in
1325 2207 1407 2236 suo

195 2271 340 2312 genere
388 2260 616 2311 persectum
671 2262 999 2314 absolutumque
1050 2276 1152 2308 est:
1211 2279 1250 2309 et
1308 2271 1406 2313 hinc

194 2335 362 2376 minime
402 2336 655 2388 conficitur,
700 2338 864 2378 nullum
907 2339 1022 2382 aliud
1057 2341 1320 2386 individuum
1360 2345 1406 2388 in

193 2411 332 2451 codem
361 2422 502 2463 genere
541 2414 773 2464 perfectum
807 2415 1142 2470 absolutumque
1180 2431 1269 2460 esse
1306 2433 1410 2472 pos.

191 2498 251 2528 sc.
322 2486 517 2529 Ceterum
556 2490 698 2533 eodem
738 2501 841 2532 usus
881 2499 944 2533 est
977 2504 1224 2546 argumento
1261 2506 1411 2539 auctor

1350 2583 1412 2614 12-
