1693 3110
252 180 337 236 336
548 169 1202 218 PARENTALIA-

249 299 416 345 Parisiis
439 292 748 340 Darmstadium
768 292 984 347 profectus
999 325 1014 346 ,
1046 295 1089 337 in
1112 294 1256 340 itinere
1284 298 1453 345 Heidel-

246 377 392 428 bergae
409 382 544 413 totum
569 370 674 411 diem
699 369 812 422 apud
836 369 1091 412 Creuzerum
1126 383 1316 414 nostrum
1348 374 1449 418 fuit.

244 450 330 504 Qui
362 459 448 489 non
482 444 607 487 modo
642 456 692 486 ex
725 445 814 498 ejus
844 445 1136 497 sermonibus,
1175 446 1361 500 ingentes
1387 449 1451 502 ip-

243 526 334 568 sius
367 523 411 565 in
444 520 666 564 codicibus
699 520 867 573 scriptis
899 521 1159 564 excutiendis
1186 523 1382 577 labores,
1413 533 1455 567 et

241 605 447 647 librorum
499 603 750 644 edendorum
799 602 1056 654 propositam
1099 604 1411 647 multitudinem
1437 634 1455 658 ,

246 682 319 724 sed
350 681 469 722 etiam
496 691 548 720 ex
582 677 772 730 corporis
798 677 998 729 adspectu
1023 678 1272 721 inusitatum
1301 681 1455 723 virium

247 758 378 801 robur
398 769 444 798 ac
467 755 746 799 valetudinem
772 766 903 795 succo
927 764 969 795 et
993 756 1197 809 sanguine
1221 758 1341 808 quasi
1366 766 1456 798 tur-

250 843 441 889 gentem,
473 831 698 874 admiratus
723 841 802 874 est.
850 829 1181 883 Unde,nemine
1208 834 1370 884 quidem
1397 843 1465 875 ta-

248 907 290 949 le
316 905 417 959 quid
442 916 680 958 metuente,
713 916 849 947 tamen
884 918 978 947 mox
1007 905 1200 958 apparuit
1227 906 1331 947 illud
1359 907 1466 960 Hip-

246 993 519 1039 pocrateum‚
551 987 573 1035 ἧ
609 985 674 1026 ἐπ’
703 984 817 1035 ἄκρον
854 983 979 1033 εὐεξίη
1012 983 1226 1035 σφαλερή,
1258 991 1464 1023 summam

251 1059 532 1102 valetudinem
559 1070 648 1100 esse
667 1058 965 1110 periculosam.
1027 1056 1174 1098 Redux
1200 1055 1363 1096 Parisiis
1385 1054 1464 1095 mi-

255 1135 312 1177 sit
335 1135 458 1175 nobis
485 1133 691 1183 exemplar
717 1132 972 1185 promissum
1004 1129 1199 1183 Gregorii
1227 1128 1461 1180 Koeniani,

253 1210 297 1251 d.
322 1222 381 1252 xv
405 1207 637 1258 Octobris,
667 1207 881 1260 adscripta
908 1207 1053 1259 paucis
1081 1206 1219 1247 verbis
1243 1204 1465 1248 salutatio-

257 1297 324 1328 ne.
386 1283 494 1326 Mox
530 1286 571 1326 d.
598 1294 684 1325 xm
709 1282 962 1324 Novembris
987 1283 1150 1333 vesperi
1175 1281 1366 1322 alicunde
1387 1281 1467 1322 do-

256 1374 370 1405 mum
404 1361 594 1412 redienS,
626 1360 826 1413 apoplexi
858 1358 1044 1401 concidit
1081 1358 1123 1399 in
1149 1357 1215 1399 via
1243 1355 1467 1409 Honorea,

258 1435 440 1489 indeque
485 1437 709 1487 sublatus,
758 1445 949 1477 mortuus
993 1437 1165 1477 domum
1203 1436 1354 1478 relatus
1389 1443 1468 1478 est.

258 1512 357 1556 Nos
391 1511 469 1553 viri
506 1511 627 1552 obitu
662 1522 710 1552 eo
737 1511 867 1563 magis
903 1510 1122 1560 dolemus,
1156 1521 1242 1562 quo
1274 1510 1405 1564 magis
1432 1519 1474 1553 et

264 1589 390 1633 nobis
428 1586 563 1638 favit,
604 1595 643 1628 et
686 1585 937 1628 Batavorum
970 1586 1013 1626 in
1048 1585 1116 1627 his
1151 1584 1306 1627 Literis
1335 1586 1476 1628 studia

262 1678 311 1708 ac
347 1664 580 1715 rationem,
616 1675 738 1715 quam
775 1662 940 1715 quidam
976 1671 1158 1704 recentes
1189 1662 1277 1716 ejus
1300 1664 1480 1717 popula·

268 1754 336 1784 res
382 1739 635 1783 Hellenistae
686 1748 951 1781 contemnere
1001 1737 1130 1780 videri
1164 1738 1344 1790 volunt,
1389 1739 1485 1790 ipse

268 1817 496 1872 probavit,
528 1816 741 1868 laudavit,
774 1824 945 1857 secutus
968 1823 1048 1857 est.
1108 1814 1303 1856 Vidimus
1326 1815 1482 1857 catalo-

269 1907 393 1950 gum,
425 1902 582 1945 partem
609 1892 887 1933 bibliothecae
909 1891 1041 1933 Bastii
1063 1893 1334 1944 complexum
1361 1902 1477 1943 eam,

270 1983 378 2024 quae
399 1970 448 2011 ad
475 1970 780 2013 Literaturam
820 1968 1054 2023 Antiquam
1093 1976 1133 2009 et
1159 1966 1330 2008 Novam
1360 1965 1486 2008 refer·

274 2056 370 2089 tur:
392 2056 429 2088 et
448 2047 632 2089 vidimus
658 2045 914 2105 optimorum
941 2044 1143 2086 librorum
1170 2043 1486 2094 editionumque

275 2124 587 2168 multitudinem
625 2132 770 2165 nostra
800 2120 1107 2175 exspectatione
1131 2119 1341 2173 majorem.
1405 2115 1488 2160 Va-

276 2202 360 2243 riae
394 2209 526 2240 autem
563 2196 764 2241 lectiones
801 2199 822 2240 ὲ
853 2196 1072 2240 codicibus
1110 2195 1281 2248 scriptis
1307 2194 1358 2236 ab
1391 2195 1486 2248 ipso

279 2283 525 2326 excerptae,
565 2286 652 2317 non
690 2274 828 2316 solum
868 2273 912 2315 in
957 2271 1212 2324 marginibus
1257 2271 1490 2313 editionum

283 2358 476 2401 exstant,
509 2351 580 2391 sed
602 2350 722 2393 etiam
752 2349 1033 2403 singularibus
1059 2346 1280 2399 inscriptae
1305 2347 1489 2398 chartis,

282 2424 513 2467 fasciculos
533 2437 623 2467 va
642 2426 832 2478 explent,
853 2425 895 2466 in
917 2423 1072 2476 quibus
1095 2423 1333 2474 complures
1364 2420 1487 2462 etiam

287 2499 433 2542 inediti
465 2500 597 2544 libelli
630 2501 811 2553 Graeci,
842 2509 882 2542 et
917 2500 1053 2554 ipsius
1090 2497 1492 2546 animadversiones,

1393 2582 1496 2614 con-
