<?xml version="1.0" encoding="UTF-8"?>
<!DOCTYPE html PUBLIC "-//W3C//DTD XHTML 1.0 Transitional//EN"
    "http://www.w3.org/TR/xhtml1/DTD/xhtml1-transitional.dtd">
<html xmlns="http://www.w3.org/1999/xhtml" xml:lang="en" lang="en">
 <head>
  <title>
</title>
<meta http-equiv="Content-Type" content="text/html;charset=utf-8" />
  <meta name='ocr-system' content='tesseract 3.04.00' />
  <meta name='ocr-capabilities' content='ocr_page ocr_carea ocr_par ocr_line ocrx_word'/>
</head>
<body>
  <div class='ocr_page' id='page_1' title='image "./opusculavariiarg02wytt_0160.png"; bbox 0 0 1693 3110; ppageno 0'>
   <div class='ocr_carea' id='block_1_1' title="bbox 428 303 1267 386">
    <p class='ocr_par' dir='ltr' id='par_1_1' title="bbox 428 303 1267 386">
     <span class='ocr_line' id='line_1_1' title="bbox 428 303 1267 386; baseline 0.004 -18"><span class='ocrx_word' id='word_1_1' title='bbox 428 303 1267 386; x_wconf 73' lang='lat' dir='ltr'><strong>PRAEFATIO</strong></span> 
     </span>
    </p>
   </div>
   <div class='ocr_carea' id='block_1_2' title="bbox 476 540 1225 576">
    <p class='ocr_par' dir='ltr' id='par_1_2' title="bbox 476 540 1225 576">
     <span class='ocr_line' id='line_1_2' title="bbox 476 540 1225 576; baseline 0.005 -4"><span class='ocrx_word' id='word_1_2' title='bbox 476 542 547 572; x_wconf 79' lang='lat' dir='ltr'><strong>Ex</strong></span> <span class='ocrx_word' id='word_1_3' title='bbox 591 540 880 572; x_wconf 85' lang='lat' dir='ltr'>SECUNDA</span> <span class='ocrx_word' id='word_1_4' title='bbox 922 542 1225 576; x_wconf 81' lang='lat' dir='ltr'><strong>EDITIONE</strong></span> 
     </span>
    </p>
   </div>
   <div class='ocr_carea' id='block_1_3' title="bbox 251 740 1430 928">
    <p class='ocr_par' dir='ltr' id='par_1_3' title="bbox 251 740 1430 928">
     <span class='ocr_line' id='line_1_3' title="bbox 489 740 1231 789; baseline 0.007 -5"><span class='ocrx_word' id='word_1_5' title='bbox 489 740 521 783; x_wconf 88' lang='lat' dir='ltr'><strong>s</strong></span> <span class='ocrx_word' id='word_1_6' title='bbox 556 741 596 785; x_wconf 83' lang='lat' dir='ltr'>E</span> <span class='ocrx_word' id='word_1_7' title='bbox 630 741 676 785; x_wconf 90' lang='lat' dir='ltr'>L</span> <span class='ocrx_word' id='word_1_8' title='bbox 707 740 748 786; x_wconf 85' lang='lat' dir='ltr'>E</span> <span class='ocrx_word' id='word_1_9' title='bbox 784 741 822 785; x_wconf 86' lang='lat' dir='ltr'>c</span> <span class='ocrx_word' id='word_1_10' title='bbox 855 740 901 785; x_wconf 86' lang='lat' dir='ltr'>T</span> <span class='ocrx_word' id='word_1_11' title='bbox 937 741 982 787; x_wconf 88' lang='grc' dir='ltr'>ο</span> <span class='ocrx_word' id='word_1_12' title='bbox 1013 740 1058 787; x_wconf 77' lang='lat' dir='ltr'>R</span> <span class='ocrx_word' id='word_1_13' title='bbox 1091 742 1139 788; x_wconf 88' lang='lat' dir='ltr'>U</span> <span class='ocrx_word' id='word_1_14' title='bbox 1174 743 1231 789; x_wconf 80' lang='lat' dir='ltr'>M</span> 
     </span>
     <span class='ocr_line' id='line_1_4' title="bbox 251 869 1430 928; baseline 0.008 -12"><span class='ocrx_word' id='word_1_15' title='bbox 251 870 738 925; x_wconf 49' lang='lat' dir='ltr'>,PRINCIPUM</span> <span class='ocrx_word' id='word_1_16' title='bbox 798 869 1430 928; x_wconf 74' lang='lat' dir='ltr'>HISTORICORUM..</span> 
     </span>
    </p>
   </div>
   <div class='ocr_carea' id='block_1_4' title="bbox 610 1080 1105 1100">
    <p class='ocr_par' dir='ltr' id='par_1_4' title="bbox 610 1080 1105 1100">
     <span class='ocr_line' id='line_1_5' title="bbox 610 1080 1105 1100; baseline 0 2010"><span class='ocrx_word' id='word_1_17' title='bbox 610 1080 1105 1100; x_wconf 95' lang='lat' dir='ltr'><strong> </strong></span> 
     </span>
    </p>
   </div>
   <div class='ocr_carea' id='block_1_5' title="bbox 251 1191 1514 2593">
    <p class='ocr_par' dir='ltr' id='par_1_5' title="bbox 251 1191 1514 2593">
     <span class='ocr_line' id='line_1_6' title="bbox 251 1191 1477 1304; baseline 0.006 -18"><span class='ocrx_word' id='word_1_18' title='bbox 251 1191 438 1304; x_wconf 77' lang='lat' dir='ltr'><strong>Quae</strong></span> <span class='ocrx_word' id='word_1_19' title='bbox 459 1246 593 1301; x_wconf 80' lang='lat' dir='ltr'><strong>vulgo</strong></span> <span class='ocrx_word' id='word_1_20' title='bbox 612 1246 733 1289; x_wconf 84' lang='lat' dir='ltr'><strong>libris</strong></span> <span class='ocrx_word' id='word_1_21' title='bbox 751 1259 901 1290; x_wconf 82' lang='lat' dir='ltr'>caussa</span> <span class='ocrx_word' id='word_1_22' title='bbox 922 1248 1165 1302; x_wconf 82' lang='lat' dir='ltr'><strong>repetendae</strong></span> <span class='ocrx_word' id='word_1_23' title='bbox 1185 1249 1385 1292; x_wconf 83' lang='lat' dir='ltr'><strong>editionis</strong></span> <span class='ocrx_word' id='word_1_24' title='bbox 1412 1262 1477 1293; x_wconf 71' lang='lat' dir='ltr'><strong>ese</strong></span> 
     </span>
     <span class='ocr_line' id='line_1_7' title="bbox 258 1328 1478 1380; baseline 0.003 -11"><span class='ocrx_word' id='word_1_25' title='bbox 258 1340 304 1369; x_wconf 83' lang='lat' dir='ltr'><strong>se</strong></span> <span class='ocrx_word' id='word_1_26' title='bbox 334 1329 471 1380; x_wconf 79' lang='lat' dir='ltr'><strong>solet,</strong></span> <span class='ocrx_word' id='word_1_27' title='bbox 504 1329 641 1370; x_wconf 86' lang='lat' dir='ltr'><strong>eadem</strong></span> <span class='ocrx_word' id='word_1_28' title='bbox 670 1328 770 1369; x_wconf 88' lang='lat' dir='ltr'><strong>huic</strong></span> <span class='ocrx_word' id='word_1_29' title='bbox 800 1328 985 1370; x_wconf 84' lang='lat' dir='ltr'><strong>iterando</strong></span> <span class='ocrx_word' id='word_1_30' title='bbox 1021 1328 1165 1370; x_wconf 83' lang='lat' dir='ltr'><strong>libello</strong></span> <span class='ocrx_word' id='word_1_31' title='bbox 1196 1341 1345 1371; x_wconf 82' lang='lat' dir='ltr'>caussa</span> <span class='ocrx_word' id='word_1_32' title='bbox 1377 1329 1478 1374; x_wconf 75' lang='lat' dir='ltr'><strong>fuit,</strong></span> 
     </span>
     <span class='ocr_line' id='line_1_8' title="bbox 266 1403 1487 1459; baseline 0.002 -13"><span class='ocrx_word' id='word_1_33' title='bbox 266 1403 540 1457; x_wconf 47' lang='lat' dir='ltr'><strong>Bibliopoiag,</strong></span> <span class='ocrx_word' id='word_1_34' title='bbox 571 1405 799 1447; x_wconf 80' lang='lat' dir='ltr'><strong>divenditis</strong></span> <span class='ocrx_word' id='word_1_35' title='bbox 820 1405 1022 1458; x_wconf 82' lang='lat' dir='ltr'><strong>exemplis</strong></span> <span class='ocrx_word' id='word_1_36' title='bbox 1040 1436 1054 1457; x_wconf 79' lang='grc'><strong><em>,</em></strong></span> <span class='ocrx_word' id='word_1_37' title='bbox 1085 1418 1194 1448; x_wconf 85' lang='lat' dir='ltr'><strong>nova</strong></span> <span class='ocrx_word' id='word_1_38' title='bbox 1222 1406 1487 1459; x_wconf 85' lang='lat' dir='ltr'><strong>desiderans,</strong></span> 
     </span>
     <span class='ocr_line' id='line_1_9' title="bbox 261 1481 1488 1535; baseline 0 -11"><span class='ocrx_word' id='word_1_39' title='bbox 261 1494 342 1524; x_wconf 85' lang='lat' dir='ltr'><strong>nos</strong></span> <span class='ocrx_word' id='word_1_40' title='bbox 364 1481 528 1535; x_wconf 84' lang='lat' dir='ltr'><strong>rogavit</strong></span> <span class='ocrx_word' id='word_1_41' title='bbox 549 1512 565 1534; x_wconf 89' lang='lat'>‚</span> <span class='ocrx_word' id='word_1_42' title='bbox 597 1491 645 1523; x_wconf 90' lang='lat' dir='ltr'><strong>ut</strong></span> <span class='ocrx_word' id='word_1_43' title='bbox 666 1482 717 1523; x_wconf 86' lang='lat' dir='ltr'><strong>iis</strong></span> <span class='ocrx_word' id='word_1_44' title='bbox 741 1482 1014 1524; x_wconf 86' lang='lat' dir='ltr'><strong>conficiendis</strong></span> <span class='ocrx_word' id='word_1_45' title='bbox 1036 1482 1233 1523; x_wconf 88' lang='lat' dir='ltr'><strong>rationem</strong></span> <span class='ocrx_word' id='word_1_46' title='bbox 1259 1494 1488 1535; x_wconf 86' lang='lat' dir='ltr'><strong>curamque</strong></span> 
     </span>
     <span class='ocr_line' id='line_1_10' title="bbox 266 1557 1490 1612; baseline -0.002 -10"><span class='ocrx_word' id='word_1_47' title='bbox 266 1559 574 1602; x_wconf 77' lang='lat' dir='ltr'><strong>adhiberemus.</strong></span> <span class='ocrx_word' id='word_1_48' title='bbox 646 1557 742 1600; x_wconf 89' lang='lat' dir='ltr'><strong>Nos</strong></span> <span class='ocrx_word' id='word_1_49' title='bbox 776 1557 841 1599; x_wconf 86' lang='lat' dir='ltr'><strong>illi</strong></span> <span class='ocrx_word' id='word_1_50' title='bbox 881 1557 1162 1612; x_wconf 84' lang='lat' dir='ltr'><strong>gratificantes</strong></span> <span class='ocrx_word' id='word_1_51' title='bbox 1197 1557 1374 1600; x_wconf 86' lang='lat' dir='ltr'><strong>fecimus</strong></span> <span class='ocrx_word' id='word_1_52' title='bbox 1403 1558 1490 1600; x_wconf 78' lang='lat' dir='ltr'><strong>edi·</strong></span> 
     </span>
     <span class='ocr_line' id='line_1_11' title="bbox 268 1634 1491 1687; baseline 0.002 -12"><span class='ocrx_word' id='word_1_53' title='bbox 268 1634 456 1686; x_wconf 78' lang='lat' dir='ltr'><strong>tionem,</strong></span> <span class='ocrx_word' id='word_1_54' title='bbox 501 1645 548 1676; x_wconf 84' lang='lat' dir='ltr'><strong>ut</strong></span> <span class='ocrx_word' id='word_1_55' title='bbox 585 1634 738 1676; x_wconf 86' lang='lat' dir='ltr'><strong>titulus</strong></span> <span class='ocrx_word' id='word_1_56' title='bbox 774 1634 1030 1687; x_wconf 80' lang='lat' dir='ltr'><strong>profitetur,</strong></span> <span class='ocrx_word' id='word_1_57' title='bbox 1072 1643 1244 1676; x_wconf 77' lang='lat' dir='ltr'><strong>auctam</strong></span> <span class='ocrx_word' id='word_1_58' title='bbox 1275 1643 1316 1676; x_wconf 87' lang='lat' dir='ltr'><strong>et</strong></span> <span class='ocrx_word' id='word_1_59' title='bbox 1347 1648 1491 1677; x_wconf 82' lang='lat' dir='ltr'><strong>corre-</strong></span> 
     </span>
     <span class='ocr_line' id='line_1_12' title="bbox 269 1710 1494 1765; baseline 0 -11"><span class='ocrx_word' id='word_1_60' title='bbox 269 1721 401 1755; x_wconf 74' lang='lat' dir='ltr'><strong>ctam.</strong></span> <span class='ocrx_word' id='word_1_61' title='bbox 442 1711 579 1765; x_wconf 85' lang='lat' dir='ltr'><strong>Cujus</strong></span> <span class='ocrx_word' id='word_1_62' title='bbox 604 1710 891 1763; x_wconf 80' lang='lat' dir='ltr'><strong>professionis</strong></span> <span class='ocrx_word' id='word_1_63' title='bbox 919 1723 1024 1762; x_wconf 84' lang='lat' dir='ltr'><strong>quae</strong></span> <span class='ocrx_word' id='word_1_64' title='bbox 1050 1710 1104 1751; x_wconf 87' lang='lat' dir='ltr'><strong>sit</strong></span> <span class='ocrx_word' id='word_1_65' title='bbox 1130 1711 1195 1752; x_wconf 88' lang='lat' dir='ltr'><strong>vis</strong></span> <span class='ocrx_word' id='word_1_66' title='bbox 1222 1721 1263 1753; x_wconf 85' lang='lat' dir='ltr'><strong>et</strong></span> <span class='ocrx_word' id='word_1_67' title='bbox 1288 1712 1494 1754; x_wconf 81' lang='lat' dir='ltr'><strong>sententia</strong></span> 
     </span>
     <span class='ocr_line' id='line_1_13' title="bbox 267 1785 1491 1840; baseline 0.001 -11"><span class='ocrx_word' id='word_1_68' title='bbox 267 1789 303 1833; x_wconf 84' lang='lat' dir='ltr'><strong>si</strong></span> <span class='ocrx_word' id='word_1_69' title='bbox 329 1787 674 1829; x_wconf 81' lang='lat' dir='ltr'><strong>declaraverimus</strong></span> <span class='ocrx_word' id='word_1_70' title='bbox 692 1817 707 1838; x_wconf 84' lang='lat'><strong>‚</strong></span> <span class='ocrx_word' id='word_1_71' title='bbox 738 1786 950 1840; x_wconf 80' lang='lat' dir='ltr'><strong>praefandi</strong></span> <span class='ocrx_word' id='word_1_72' title='bbox 976 1785 1113 1828; x_wconf 83' lang='lat' dir='ltr'><strong>officio</strong></span> <span class='ocrx_word' id='word_1_73' title='bbox 1139 1786 1491 1830; x_wconf 74' lang='lat' dir='ltr'><strong>satisfecerimus.</strong></span> 
     </span>
     <span class='ocr_line' id='line_1_14' title="bbox 324 1861 1492 1918; baseline 0.002 -12"><span class='ocrx_word' id='word_1_74' title='bbox 324 1863 441 1918; x_wconf 71' lang='lat' dir='ltr'><strong>Ergo</strong></span> <span class='ocrx_word' id='word_1_75' title='bbox 478 1872 607 1904; x_wconf 74' lang='lat' dir='ltr'><strong>aucta</strong></span> <span class='ocrx_word' id='word_1_76' title='bbox 644 1873 708 1904; x_wconf 87' lang='lat' dir='ltr'><strong>est</strong></span> <span class='ocrx_word' id='word_1_77' title='bbox 745 1863 844 1904; x_wconf 84' lang='lat' dir='ltr'><strong>haec</strong></span> <span class='ocrx_word' id='word_1_78' title='bbox 886 1863 1014 1904; x_wconf 87' lang='lat' dir='ltr'><strong>editio</strong></span> <span class='ocrx_word' id='word_1_79' title='bbox 1049 1861 1362 1916; x_wconf 64' lang='lat' dir='ltr'><strong>Annotmione,</strong></span> <span class='ocrx_word' id='word_1_80' title='bbox 1403 1877 1492 1908; x_wconf 87' lang='lat' dir='ltr'><strong>non</strong></span> 
     </span>
     <span class='ocr_line' id='line_1_15' title="bbox 273 1937 1494 1993; baseline 0.003 -12"><span class='ocrx_word' id='word_1_81' title='bbox 273 1937 371 1981; x_wconf 81' lang='lat' dir='ltr'><strong>item</strong></span> <span class='ocrx_word' id='word_1_82' title='bbox 404 1939 528 1981; x_wconf 83' lang='lat' dir='ltr'><strong>novis</strong></span> <span class='ocrx_word' id='word_1_83' title='bbox 558 1940 666 1981; x_wconf 79' lang='lat' dir='ltr'><strong>locis</strong></span> <span class='ocrx_word' id='word_1_84' title='bbox 699 1940 884 1983; x_wconf 83' lang='lat' dir='ltr'><strong>selectis.</strong></span> <span class='ocrx_word' id='word_1_85' title='bbox 953 1939 1219 1993; x_wconf 79' lang='lat' dir='ltr'><strong>Quamquam</strong></span> <span class='ocrx_word' id='word_1_86' title='bbox 1244 1942 1351 1983; x_wconf 88' lang='lat' dir='ltr'><strong>enim</strong></span> <span class='ocrx_word' id='word_1_87' title='bbox 1377 1952 1494 1985; x_wconf 85' lang='lat' dir='ltr'><strong>erant</strong></span> 
     </span>
     <span class='ocr_line' id='line_1_16' title="bbox 273 2014 1492 2068; baseline 0.002 -11"><span class='ocrx_word' id='word_1_88' title='bbox 273 2014 467 2057; x_wconf 81' lang='lat' dir='ltr'><strong>homines</strong></span> <span class='ocrx_word' id='word_1_89' title='bbox 502 2016 611 2057; x_wconf 83' lang='lat' dir='ltr'><strong>haud</strong></span> <span class='ocrx_word' id='word_1_90' title='bbox 644 2015 833 2067; x_wconf 76' lang='lat' dir='ltr'><strong>indocti,</strong></span> <span class='ocrx_word' id='word_1_91' title='bbox 866 2016 940 2068; x_wconf 86' lang='lat' dir='ltr'><strong>qui</strong></span> <span class='ocrx_word' id='word_1_92' title='bbox 967 2016 1070 2057; x_wconf 83' lang='lat' dir='ltr'><strong>alios</strong></span> <span class='ocrx_word' id='word_1_93' title='bbox 1098 2016 1218 2058; x_wconf 85' lang='lat' dir='ltr'><strong>etiam</strong></span> <span class='ocrx_word' id='word_1_94' title='bbox 1252 2019 1492 2059; x_wconf 82' lang='lat' dir='ltr'><strong>eorumdem</strong></span> 
     </span>
     <span class='ocr_line' id='line_1_17' title="bbox 272 2091 1492 2146; baseline 0 -12"><span class='ocrx_word' id='word_1_95' title='bbox 272 2091 535 2143; x_wconf 83' lang='lat' dir='ltr'><strong>Scriptorum</strong></span> <span class='ocrx_word' id='word_1_96' title='bbox 562 2091 682 2133; x_wconf 88' lang='lat' dir='ltr'><strong>locos</strong></span> <span class='ocrx_word' id='word_1_97' title='bbox 707 2092 918 2133; x_wconf 86' lang='lat' dir='ltr'><strong>addendos</strong></span> <span class='ocrx_word' id='word_1_98' title='bbox 944 2102 1187 2144; x_wconf 83' lang='lat' dir='ltr'><strong>censerent,</strong></span> <span class='ocrx_word' id='word_1_99' title='bbox 1218 2104 1385 2146; x_wconf 85' lang='lat' dir='ltr'><strong>nosque</strong></span> <span class='ocrx_word' id='word_1_100' title='bbox 1420 2094 1492 2135; x_wconf 90' lang='lat' dir='ltr'><strong>illa</strong></span> 
     </span>
     <span class='ocr_line' id='line_1_18' title="bbox 273 2167 1504 2222; baseline 0 -10"><span class='ocrx_word' id='word_1_101' title='bbox 273 2168 564 2212; x_wconf 80' lang='lat' dir='ltr'><strong>admonitione</strong></span> <span class='ocrx_word' id='word_1_102' title='bbox 593 2167 900 2210; x_wconf 84' lang='lat' dir='ltr'><strong>obtunderent:</strong></span> <span class='ocrx_word' id='word_1_103' title='bbox 940 2179 980 2209; x_wconf 85' lang='lat' dir='ltr'><strong>et</strong></span> <span class='ocrx_word' id='word_1_104' title='bbox 1015 2179 1264 2220; x_wconf 81' lang='lat' dir='ltr'><strong>quamquam</strong></span> <span class='ocrx_word' id='word_1_105' title='bbox 1301 2181 1380 2211; x_wconf 88' lang='lat' dir='ltr'><strong>nos</strong></span> <span class='ocrx_word' id='word_1_106' title='bbox 1417 2168 1504 2222; x_wconf 84' lang='lat' dir='ltr'><strong>ipsi</strong></span> 
     </span>
     <span class='ocr_line' id='line_1_19' title="bbox 276 2247 1503 2302; baseline 0.001 -14"><span class='ocrx_word' id='word_1_107' title='bbox 276 2247 507 2300; x_wconf 80' lang='lat' dir='ltr'><strong>aliquando</strong></span> <span class='ocrx_word' id='word_1_108' title='bbox 534 2247 870 2301; x_wconf 81' lang='lat' dir='ltr'><strong>cogitaveramus</strong></span> <span class='ocrx_word' id='word_1_109' title='bbox 897 2259 1056 2289; x_wconf 78' lang='lat' dir='ltr'><strong>novum</strong></span> <span class='ocrx_word' id='word_1_110' title='bbox 1082 2256 1210 2300; x_wconf 86' lang='lat' dir='ltr'><strong>caput</strong></span> <span class='ocrx_word' id='word_1_111' title='bbox 1233 2247 1410 2302; x_wconf 86' lang='lat' dir='ltr'><strong>adjicere</strong></span> <span class='ocrx_word' id='word_1_112' title='bbox 1425 2261 1503 2291; x_wconf 77' lang='grc' dir='ltr'><strong>να-</strong></span> 
     </span>
     <span class='ocr_line' id='line_1_20' title="bbox 282 2323 1503 2379; baseline 0 -13"><span class='ocrx_word' id='word_1_113' title='bbox 282 2326 428 2375; x_wconf 75' lang='lat' dir='ltr'><strong>rium,</strong></span> <span class='ocrx_word' id='word_1_114' title='bbox 458 2335 510 2365; x_wconf 83' lang='lat' dir='ltr'><strong>ex</strong></span> <span class='ocrx_word' id='word_1_115' title='bbox 539 2323 742 2366; x_wconf 76' lang='lat' dir='ltr'><strong>brevibus</strong></span> <span class='ocrx_word' id='word_1_116' title='bbox 770 2324 1018 2374; x_wconf 78' lang='lat' dir='ltr'><strong>sententiis,</strong></span> <span class='ocrx_word' id='word_1_117' title='bbox 1043 2323 1503 2379; x_wconf 82' lang='lat' dir='ltr'><strong>apophthegmatibus,</strong></span> 
     </span>
     <span class='ocr_line' id='line_1_21' title="bbox 285 2399 1510 2453; baseline -0.002 -8"><span class='ocrx_word' id='word_1_118' title='bbox 285 2399 475 2452; x_wconf 79' lang='lat' dir='ltr'><strong>fabulis,</strong></span> <span class='ocrx_word' id='word_1_119' title='bbox 506 2400 835 2443; x_wconf 79' lang='lat' dir='ltr'><strong>narratiunculis</strong></span> <span class='ocrx_word' id='word_1_120' title='bbox 858 2401 1047 2453; x_wconf 89' lang='lat' dir='ltr'><strong>undique</strong></span> <span class='ocrx_word' id='word_1_121' title='bbox 1067 2400 1323 2452; x_wconf 84' lang='lat' dir='ltr'><strong>collectum,</strong></span> <span class='ocrx_word' id='word_1_122' title='bbox 1353 2400 1510 2443; x_wconf 75' lang='lat' dir='ltr'><strong>invita«</strong></span> 
     </span>
     <span class='ocr_line' id='line_1_22' title="bbox 286 2476 1511 2531; baseline -0.004 -12"><span class='ocrx_word' id='word_1_123' title='bbox 286 2486 472 2521; x_wconf 85' lang='lat' dir='ltr'><strong>mentum</strong></span> <span class='ocrx_word' id='word_1_124' title='bbox 489 2486 866 2531; x_wconf 79' lang='lat' dir='ltr'><strong>argumentumque</strong></span> <span class='ocrx_word' id='word_1_125' title='bbox 893 2476 1058 2522; x_wconf 81' lang='lat' dir='ltr'><strong>ineunti</strong></span> <span class='ocrx_word' id='word_1_126' title='bbox 1084 2476 1223 2518; x_wconf 76' lang='lat' dir='ltr'><strong>studio</strong></span> <span class='ocrx_word' id='word_1_127' title='bbox 1239 2485 1277 2518; x_wconf 92' lang='lat' dir='ltr'><strong>et</strong></span> <span class='ocrx_word' id='word_1_128' title='bbox 1292 2476 1412 2518; x_wconf 86' lang='lat' dir='ltr'><strong>aetati</strong></span> <span class='ocrx_word' id='word_1_129' title='bbox 1442 2487 1511 2515; x_wconf 77' lang='lat' dir='ltr'><strong>ac-</strong></span> 
     </span>
     <span class='ocr_line' id='line_1_23' title="bbox 1397 2562 1514 2593; baseline 0 -1"><span class='ocrx_word' id='word_1_130' title='bbox 1397 2562 1514 2593; x_wconf 81' lang='lat' dir='ltr'><strong>com·</strong></span> 
     </span>
    </p>
   </div>
  </div>
 </body>
</html>
