1693 3110
453 184 514 232 G.
555 184 611 231 L‘.
656 158 1181 234 wassENAa‘Rn.
1336 195 1427 247 “319

210 308 326 352 tinae
354 309 556 353 orationis
591 308 833 352 facultatem
864 318 905 352 et
931 310 1149 354 dialectice
1189 310 1421 355 disserendi

214 386 414 427 rationem
450 386 730 439 proficeretis.
800 386 1087 439 Meministis,
1129 395 1177 427 ut
1213 396 1427 440 postrema

213 458 262 502 in
291 461 576 515 disputatione
615 460 914 516 interrogantis
950 471 1090 513 partes
1122 473 1249 516 agens
1283 473 1349 504 eas
1383 475 1430 504 a-

218 546 381 578 manter
413 546 453 578 et
489 536 622 579 facete
642 537 930 589 concluserit,
963 538 1160 590 ponendo
1184 537 1429 592 hujusmodi

213 612 500 665 oyllogismoz
547 611 756 664 quidquid
794 612 949 655 studiis
992 612 1073 654 hoc
1110 625 1222 654 anno
1250 614 1430 655 salutare

216 684 378 738 fuerit,
407 687 450 729 id
474 687 594 730 etiam
631 687 827 741 proximo
862 699 973 730 anno
997 689 1333 740 persequendum
1360 701 1429 731 es·

214 771 291 803 se:
346 761 480 804 fuisse
515 772 653 807 autem
701 765 904 806 salutares
950 763 1200 816 disputandi
1249 764 1421 806 scholas

214 836 302 878 hoc
322 850 432 881 anno
452 840 633 893 studiis3
665 850 765 893 ergo
792 838 1026 882 Praesidern
1050 839 1282 893 rogandum
1305 852 1428 892 esse,

215 923 266 954 ut
293 925 360 955 eas
384 914 576 967 proximo
594 915 715 956 etiam
738 927 847 956 anno
869 924 1161 967 persequatur.
1204 915 1262 956 At
1284 915 1426 957 bonus

217 987 538 1031 wassenaerius
571 990 659 1032 voti
685 991 813 1046 hujus
838 989 1026 1032 fructum
1061 990 1153 1044 ipse
1181 1002 1268 1032 non
1300 990 1428 1032 tulit:

204 1064 378 1106 -dixerat
401 1064 482 1106 hoc
507 1077 682 1109 exeunte
709 1066 838 1121 Junio
855 1096 870 1118 ,
895 1065 1014 1120 Julio
1041 1074 1218 1108 exeunte
1242 1063 1427 1106 occidit!

276 1139 475 1195 Longum
498 1151 561 1182 est
584 1152 741 1184 caetera
764 1142 940 1193 referre,
975 1153 1080 1194 quae
1103 1140 1169 1181 vel
1192 1151 1272 1192 pro
1296 1151 1341 1181 se
1366 1139 1430 1192 ip-

163 1242 178 1246 ··
219 1229 268 1260 se
291 1217 464 1271 legendo
486 1217 811 1269 meditandoque
834 1216 1010 1268 didicit,
1042 1217 1109 1258 vel
1133 1216 1177 1257 in
1203 1216 1284 1257 hoc
1309 1228 1432 1270 gene·

219 1306 264 1336 re
285 1305 380 1346 erga
404 1293 509 1334 alios
532 1292 726 1335 studiose
753 1292 1025 1346 officioseque
1046 1292 1162 1338 fecit.
1227 1292 1295 1335 Ad
1325 1303 1432 1343 quae

221 1380 352 1421 quum
392 1367 469 1409 alia
500 1368 636 1409 multa
668 1368 932 1420 domestica,
962 1378 1002 1410 et
1040 1377 1178 1411 vetera
1211 1377 1252 1409 et
1287 1378 1430 1421 nova,

218 1444 388 1497 negotia
429 1444 701 1495 accederent,
733 1444 854 1496 plane
887 1443 1076 1486 mirabile
1099 1445 1290 1486 videatur
1325 1457 1434 1495 quo-

218 1521 348 1563 modo
385 1519 452 1560 his
486 1528 568 1560 tarn
610 1519 755 1560 multis
795 1518 1015 1561 laboribus
1053 1519 1163 1560 vires
1194 1532 1239 1560 ac
1267 1529 1433 1571 tempus

215 1594 485 1648 suppeditare
505 1594 707 1647 potuerit.
768 1592 1012 1636 Postremus
1040 1594 1125 1636 fuit
1143 1597 1180 1636 ei
1205 1594 1273 1636 liic
1296 1594 1428 1636 labor,

213 1672 388 1715 Annum
422 1669 672 1723 vigesimum
706 1669 887 1722 primum
923 1671 1216 1723 completurus
1245 1669 1431 1712 calendis

214 1746 422 1800 proximis
447 1744 650 1796 Martiis,
693 1757 739 1786 ac
772 1745 943 1786 titulum
977 1745 1300 1798 dominiumque
1339 1758 1433 1786 sus·

193 1831 417 1874 cepturus
458 1829 543 1863 erat
581 1819 802 1872 utriusque
843 1821 1096 1873 Cattovici,
1137 1831 1179 1862 et
1220 1822 1434 1863 Valcken-

218 1897 366 1951 burgi:
413 1908 593 1948 quorum
617 1896 775 1939 reditus
806 1907 960 1949 mater,
994 1908 1041 1939 ut
1074 1906 1222 1949 tutor,
1254 1897 1432 1938 admini-

212 1981 442 2024 straverat,
487 1971 1000 2025 administrationemque,
1033 1973 1076 2015 in
1101 1985 1183 2025 qua
1215 1974 1345 2015 filium
1370 1973 1434 2014 in-

216 2047 439 2098 stituerat,
473 2048 601 2089 eidem
624 2049 705 2101 jam
745 2049 985 2091 tradiderat.
1047 2049 1147 2103 Quo
1174 2049 1244 2090 ille
1271 2050 1434 2091 honore

214 2122 319 2164 adeo
354 2134 440 2165 non
477 2124 762 2176 gloriabatur,
795 2134 842 2166 ut
874 2122 960 2166 fere
995 2125 1179 2176 nemini,
1211 2124 1296 2166 nisi
1334 2124 1431 2176 qui-

217 2196 299 2239 bus
334 2210 504 2241 necesse
532 2208 674 2252 esset,
717 2200 808 2254 ejus
847 2200 902 2240 rei
941 2200 1133 2242 notitiam
1182 2201 1430 2253 impertiret,

216 2271 439 2315 Caeterum
483 2275 696 2326 quomodo
734 2275 776 2317 in
814 2276 888 2317 hac
926 2288 1061 2318 rerum
1100 2277 1435 2318 commutatione

192 2347 322 2388 ,aviti
368 2352 607 2399 patrimonii
651 2352 963 2404 possessionem
1015 2346 1221 2393 tueretur'
1249 2354 1434 2394 multum

222 2422 414 2473 cogitans
432 2453 445 2472 ,
478 2425 600 2475 eique
620 2428 876 2479 expediendo
899 2440 950 2469 an
981 2428 1167 2469 oblatum
1195 2427 1275 2469 sibi
1298 2427 1439 2481 Maio-

221 2496 282 2538 ris
309 2498 577 2541 Cattoviccni
600 2514 753 2544 munus
779 2503 1012 2558 acciperet,
1044 2505 1156 2546 varie
1174 2504 1436 2554 deliberans3

1377 2586 1442 2621 ta·
