1693 3110
249 180 332 229 352
532 160 1193 213 PARENTALIA.

248 289 466 346 cognitum
501 286 813 340 probatumque
855 284 1061 328 medicum
1086 283 1395 338 adhibuerunt,
1425 291 1474 329 et

253 353 377 410 omne
425 362 649 406 ministerii
682 375 815 416 genus
851 364 1173 416 praestiterunt:
1220 372 1261 406 at
1291 376 1470 418 exsupe-

250 453 367 487 rante
402 439 560 483 atrocia
589 439 715 491 mali,
745 450 787 482 et
812 439 1032 482 humanam
1062 452 1184 493 opem
1218 433 1468 494 respuente,

248 516 295 562 in
317 529 457 560 eorum
483 515 678 558 manibus
698 516 945 569 exspiravit.
991 510 1072 558 Hic
1096 528 1183 559 non
1208 525 1470 565 praetereun-

250 593 300 636 da
334 602 398 634 est
431 591 635 635 Creuzeri
670 594 806 633 nostri
842 588 1157 634 benevolentia:
1193 590 1313 643 quia
1338 590 1467 633 nobis

249 676 453 724 rogatus,
485 678 524 708 et
553 667 595 709 in
623 666 887 710 Germaniam
915 664 1204 719 proficiscenti
1232 666 1475 708 Heidelber-

251 747 306 802 ga
330 742 691 789 commendatitias
716 740 854 785 literas
873 743 1077 785 submisit
1102 743 1283 785 multas:
1315 754 1354 783 et
1377 754 1469 784 mo-

251 809 369 868 nitus
396 835 489 863 eum
520 822 712 863 Treviris
738 829 981 873 aegrotare,
1011 819 1219 862 continuo
1251 820 1341 875 eJus
1375 820 1479 858 cau·-

253 899 303 940 sa
329 898 379 939 ad
405 896 680 938 Trevirenses
707 895 880 948 scripsit
907 895 1096 938 amicost
1127 906 1381 948 quamquam
1408 905 1476 936 se·

251 987 297 1017 ra
319 973 402 1014 fuit
423 973 522 1014 haec
546 985 697 1025 opera,
729 981 980 1025 properante
1005 971 1094 1015 fato
1126 971 1381 1026 aegrotantis
1397 1002 1412 1023 ‚
1434 978 1478 1012 et

247 1058 486 1093 commeatu
499 1048 810 1091 tabellariorum
825 1049 931 1090 inter
946 1059 1166 1101 utramque
1191 1047 1329 1090 Rheni
1342 1047 1477 1100 ripam

251 1125 502 1169 intercluso.
544 1125 610 1168 Ad
628 1137 708 1167 nos
736 1134 870 1165 autem
891 1123 936 1166 in
958 1119 1170 1165 Bataviam
1192 1123 1342 1165 allatus
1367 1133 1478 1164 nun-

249 1204 342 1245 tiUs
374 1204 423 1243 de
448 1201 561 1243 illius
589 1200 710 1243 obitu
745 1201 952 1252 optimum
990 1212 1200 1252 quemque
1221 1197 1479 1252 gravissimo

254 1278 378 1323 luctu
404 1272 572 1330 affecit,
604 1277 733 1319 simul
756 1287 796 1319 et
819 1276 1186 1318 commiseratione
1214 1276 1316 1317 boni
1338 1275 1479 1316 adole-

254 1353 442 1406 scentis,
485 1353 643 1395 crudeli
680 1362 794 1395 sorte
825 1362 865 1394 et
900 1352 942 1394 in
981 1352 1168 1393 militiam
1205 1346 1395 1405 abrepti,
1438 1357 1481 1394 et

258 1431 454 1474 frustrati
478 1443 575 1472 cum
599 1430 709 1472 vitae
732 1440 821 1472 turn
848 1430 1068 1472 reditionis
1090 1429 1234 1471 fructu
1252 1459 1268 1481 ,
1300 1431 1479 1484 eJ‘usque

257 1509 489 1562 praecipuo
522 1506 712 1560 gaudio,
757 1505 873 1559 quod
911 1517 1009 1547 mox
1041 1505 1352 1547 commilitones
1386 1518 1485 1558 pas.

258 1586 340 1627 sim
368 1585 539 1625 reduces
563 1590 865 1635 perceperunt,
898 1590 946 1621 ut
972 1579 1146 1632 patriam
1169 1579 1339 1621 liberam
1362 1591 1482 1622 recu-

253 1651 480 1714 perarent,
514 1670 638 1711 quam
663 1669 823 1698 servam
848 1654 1136 1707 reliquissent.

320 1736 394 1780 IX.
439 1736 500 1778 Et
522 1735 744 1788 proximus
769 1733 969 1786 deinceps
993 1745 1128 1775 annus
1145 1763 1160 1785 ,
1185 1733 1378 1786 quamvis
1401 1733 1486 1776 lae·

253 1804 459 1855 'tissimus
483 1810 554 1852 ille
587 1812 637 1852 ad
660 1811 889 1852 libertatem
926 1820 974 1852 ac
998 1823 1140 1863 pacem
1156 1841 1172 1863 ,
1204 1823 1279 1853 nec
1306 1810 1399 1863 ipse
1423 1821 1489 1853 ta·

261 1902 359 1932 men
385 1888 520 1930 caruit
547 1889 668 1929 luctu
702 1901 751 1929 ex
776 1889 956 1930 duorum
990 1889 1220 1930 amissione
1255 1887 1489 1942 discipulo·

255 1958 388 2016 rum,
421 1963 654 2017 insignium
682 1964 981 2017 progressibus
1006 1976 1053 2006 ac
1089 1962 1293 2017 singulari
1323 1962 1489 2003 discen-

258 2034 590 2095 (limpiditate,
617 2054 726 2094 quae
754 2041 949 2093 utrique,
978 2053 1051 2095 per
1074 2039 1204 2081 studii
1230 2036 1492 2092 vigiliarum·

266 2132 351 2175 que
381 2119 601 2173 quamdam
635 2119 756 2173 quasi
795 2116 1154 2177 intemperantiam
1174 2144 1189 2167 ,
1224 2115 1333 2157 vitae
1360 2114 1488 2157 finem

256 2188 507 2239 maturavit.

323 2270 444 2313 Pr10r
466 2269 546 2311 fuit
581 2268 623 2324 J.
643 2269 700 2311 D.
723 2269 936 2321 Boudrit‚
971 2266 1221 2311 Leidensis:
1255 2257 1326 2308 cui
1360 2275 1492 2319 quum

274 2348 377 2392 vivo
414 2347 642 2399 aliquoties
667 2346 954 2389 testimonium
982 2345 1370 2399 impertiverimus‚
1403 2356 1494 2397 quo

277 2423 532 2477 diligentiam
562 2436 677 2465 suam
703 2424 942 2465 fautoribus
969 2422 1249 2475 approbaret,
1275 2430 1494 2463 mortuum

281 2499 414 2557 hujus
448 2499 645 2554 publicae
684 2499 1098 2543 commemorationis
1135 2508 1340 2554 expertem
1377 2507 1498 2550 prae-

1414 2580 1499 2615 ter·
