1693 3110
294 204 376 250 DE
407 198 920 247 IMMORTALITATE
949 191 1143 243 ANIMI.
1238 196 1316 251 581

174 325 355 369 Primum
377 325 504 379 igitur
519 324 598 366 hoc
611 332 673 365 est
697 323 719 377 (
733 333 777 373 p.
800 321 942 375 377):
978 351 1013 373 ‚‚
1034 319 1192 363 Mortis
1214 326 1320 361 tem·
1340 342 1423 373 sect.
1445 339 1492 381 Ἡ,

115 415 202 458 pus
234 402 554 455 exspectandum
590 409 680 452 est;
711 410 786 440 nec
821 398 1021 450 cuiquam
1057 397 1155 438 licet
1188 407 1233 438 se
1258 395 1323 449 ip·
1341 385 1444 417 Plato.

119 490 214 520 sum
243 478 483 521 interficere.
541 474 745 516 Homines
780 472 887 515 enim
906 502 921 524 ‚
953 481 1160 525 tamquam
1186 471 1324 526 servi,

120 566 147 597 a
174 554 297 605 Diis,
331 563 540 605 tamquam
578 549 804 600 Dominis,
837 549 878 591 in
914 548 990 589 hac
1015 547 1103 589 vita
1129 547 1328 589 collocati

123 635 253 668 sunt:
287 638 362 668 nec
398 624 628 666 abeundum
668 632 759 675 est,
789 623 869 664 nisi
900 622 937 664 si
970 621 1041 663 Dii
1073 620 1154 674 ipsi
1179 633 1258 663 nos
1278 635 1329 667 ex

121 697 202 741 hac
231 701 362 742 veluti
401 701 593 743 custodia
632 701 824 742 liberent.
882 699 1028 750 ltaque
1050 706 1090 740 et
1113 709 1189 752 ego
1219 708 1330 740 mor·

125 783 210 818 tem
243 788 376 828 aequo
414 776 550 819 animo
591 774 707 818 fero:
736 774 808 816 Dii
832 772 939 814 enim
977 784 1040 813 me
1064 771 1148 828 jam
1173 783 1222 813 ex
1252 773 1331 813 hac

126 852 326 893 custodia
349 860 564 894 revocant.
625 851 686 893 Ae
715 861 837 901 spero
868 861 931 891 me
956 850 1005 891 ad
1029 849 1220 891 meliores
1253 848 1334 891 ho·

128 927 263 968 mines
289 936 538 968 venturum:
567 935 705 976 certe,
733 926 783 966 ad
804 924 991 978 optimos
1014 923 1235 975 dominos,
1265 923 1330 964 ni-

134 1001 285 1044 mirum
308 1002 422 1043 Deos
438 1032 453 1053 ,
479 1014 542 1042 me
564 1011 857 1054 perventurum
874 1031 888 1052 ,
916 1001 996 1041 hoc
1021 1013 1143 1050 vero,
1174 1000 1210 1041 si
1234 998 1336 1051 quid

135 1077 279 1128 aliud,
311 1077 474 1119 summa
499 1076 804 1118 asseveratione
838 1072 1043 1117 affirmo.’²
1101 1073 1196 1114 Hoc
1226 1073 1344 1119 dein-

131 1161 232 1202 ceps
257 1151 581 1192 demonstratur.

186 1223 325 1276 Pergit
355 1225 438 1277 (p.
466 1227 543 1279 378
562 1249 615 1256 -
631 1227 727 1277 580.
761 1225 832 1269 fin.
856 1226 880 1280 >
923 1254 950 1277 „
978 1223 1254 1275 Philosophia
1279 1228 1342 1264 est
1362 1229 1440 1269 Arg.
1465 1226 1492 1267 [4

129 1303 429 1342 commentatio
464 1310 511 1341 ac
537 1301 722 1342 studium
751 1301 917 1345 mortis.
958 1300 1212 1354 Philosophi
1233 1301 1343 1342 enim

135 1388 291 1425 munus
323 1376 366 1417 in
406 1388 455 1417 eo
489 1377 675 1428 positum
706 1386 805 1429 est,
848 1386 895 1418 ut
929 1377 1131 1419 Animum
1165 1389 1187 1418 a
1221 1377 1345 1418 rebus

133 1452 349 1505 corporeis
382 1462 421 1494 et
448 1452 573 1494 fluxis
609 1461 784 1503 avocet,
815 1460 854 1492 et
890 1453 939 1493 ad
967 1464 1030 1493 res
1055 1450 1342 1503 intelligibiles

139 1528 360 1581 ipsamque
398 1540 540 1579 puram
578 1539 624 1567 ae
661 1527 861 1568 sinceram
888 1527 1097 1570 veritatem
1124 1538 1217 1569 eum
1245 1539 1348 1570 con-

128 1606 292 1645 vertat.
352 1603 486 1655 Atqui
513 1613 636 1654 quam
665 1602 737 1643 diu
767 1601 809 1645 in
833 1603 908 1644 hac
934 1603 1020 1645 vita
1045 1613 1085 1645 et
1112 1604 1154 1645 in
1179 1604 1350 1658 Corpo-

142 1690 187 1721 re
212 1678 425 1733 degimus,
467 1679 566 1720 huic
604 1679 761 1721 muneri
790 1678 980 1722 satisfieri
1014 1681 1175 1734 nequit.
1244 1681 1348 1723 Ani-

141 1767 234 1797 mus
260 1756 367 1797 enim
395 1765 483 1797 tum
512 1756 686 1803 maxime
710 1758 822 1809 viget
849 1757 1104 1811 cogitando,
1137 1771 1269 1811 quum
1303 1770 1350 1800 se

144 1832 318 1873 maxime
334 1844 356 1879 a
384 1831 577 1885 Corpore
598 1820 872 1884 *segregaverit
892 1841 933 1874 et
961 1832 1005 1874 in
1028 1844 1071 1874 se
1094 1833 1234 1885 ipsum
1260 1832 1351 1874 col-

146 1908 319 1961 legerit:
353 1910 462 1950 unde
499 1918 696 1961 apparet,
726 1919 819 1949 eum
859 1910 908 1950 ad
937 1908 1152 1961 cogitandi
1187 1909 1269 1950 vim
1302 1920 1350 1951 ae

144 1973 436 2039 praestantiam
475 1985 575 2025 adeo
611 1995 696 2025 non
736 1995 846 2035 opus
871 1983 1019 2025 habere
1050 1984 1271 2038 Corpore,
1303 1994 1353 2026 ut

146 2063 292 2118 potius
319 2060 434 2103 illius
459 2060 644 2104 vinculis
677 2060 845 2102 solutus
881 2069 922 2101 et
947 2073 1019 2113 per
1043 2070 1216 2104 mortem
1248 2062 1353 2105 libe-

148 2147 293 2189 ratus,
325 2147 494 2179 naturae
517 2149 617 2178 suae
649 2136 944 2190 perfectionem
981 2136 1186 2178 obtineat.
1246 2137 1358 2179 Cor-

148 2222 229 2264 pus
267 2224 346 2253 nos
378 2222 526 2255 avocat
564 2224 585 2253 a
617 2223 743 2264 purae
779 2211 1046 2263 sinceraeque
1078 2212 1264 2255 veritatis
1291 2212 1356 2254 in-

154 2287 400 2341 dagatione:
423 2299 572 2329 sensus
597 2298 822 2338 eorumque
846 2286 996 2331 vicaria
1014 2286 1235 2340 phantasia
1254 2299 1357 2329 cone

152 2361 275 2403 tinuo
300 2360 442 2402 Animi
466 2362 757 2415 cogitationem
785 2361 986 2414 turbant,
1009 2373 1186 2414 eumque
1211 2363 1253 2405 in
1279 2361 1358 2405 fal-

153 2451 223 2485 sas
247 2437 464 2489 opiniones
488 2450 731 2491 erroresque
757 2438 977 2486 inducunt.
1028 2438 1199 2491 Corpus
1222 2437 1360 2480 inimi-

137 2525 256 2559 ·cum
281 2523 321 2557 et
344 2514 593 2559 contrarium
623 2525 686 2560 est
721 2514 902 2558 Virtuti.
966 2513 1016 2557 In
1041 2515 1232 2569 Corpore
1258 2512 1359 2557 fons

820 2590 898 2635 Oo
941 2602 967 2650 3
1297 2596 1360 2640 est
