1693 3110
351 184 410 236 G.
449 182 508 237 ‘Le
548 181 1068 237 WASSENAERII.
1240 200 1321 250 ³05

116 304 184 359 An
209 312 386 366 denique
408 314 540 368 i'psam
567 313 770 366 patriam,
798 326 931 367 quae,
967 323 1177 367 tamquam
1201 326 1317 358 com·-

116 389 255 432 munis
291 398 442 441 mater,
475 389 720 444 gravissime
747 390 945 432 condolet
975 389 1181 433 mortibus
1206 389 1318 433 filio-

114 475 208 504 rum
239 465 546 513 adolescentum
577 474 751 515 eorum,
784 464 859 516 qui
883 465 934 506 ad
958 477 1002 508 se
1027 466 1252 509 ornandam
1272 466 1321 507 il-

111 537 452 592 lustrandamque
484 538 647 592 ingenia
684 551 760 581 sua
795 539 970 594 optimis
1003 542 1166 584 artibus
1197 553 1321 584 exco-

109 607 221 656 lunt.
1296 620 1301 628 ‘

173 680 254 730 Sed
277 700 408 742 quum
435 690 533 733 haec
554 690 715 744 jactura
736 679 785 734 ad
807 700 887 734 tam
914 694 1073 735 multos
1098 693 1320 747 pertineat,

109 764 166 812 ,ad
187 777 313 807 unum
357 778 444 808 non
479 766 656 819 pertinet
683 769 820 821 ipsum
851 768 1214 812 Wassenaerium:
1249 771 1324 823 qui

113 852 200 884 non
223 842 348 884 modo
372 842 468 884 mali
494 843 553 884 nil
587 856 767 897 passus,
803 846 873 887 sed
910 846 1069 899 ingenti
1095 848 1215 889 etiam
1249 847 1327 888 bo·

115 929 175 959 no
202 918 394 970 potitus,
425 928 501 962 est.
561 919 704 972 Ipsum
729 921 910 963 dicimus
941 931 1027 963 non
1058 932 1213 975 corpus
1248 924 1327 965 hu·

113 992 171 1036 mi
196 993 441 1046 conditum,
470 996 544 1036 sed
576 995 788 1049 animum,
821 998 895 1050 qui
921 1010 970 1040 ex
1000 1000 1076 1040 hac
1117 1000 1263 1041 misera
1286 1009 1328 1042 et

97 1070 282 1112 *mortali
320 1070 406 1111 vita
443 1070 485 1112 in
530 1071 687 1114 beatam
723 1081 762 1113 et
807 1071 1081 1114 immortalem
1124 1074 1323 1116 transiit:

111 1145 308 1198 torporis
331 1145 512 1187 vinculis
536 1148 704 1189 solutus
726 1148 777 1188 ad
793 1159 969 1200 superos
993 1149 1209 1200 evolavit,
1231 1160 1328 1190 cum

114 1221 254 1274 iisque
282 1225 481 1275 propiore
519 1224 602 1277 J'am
638 1223 789 1265 summi
821 1223 898 1265 Dei
935 1224 1108 1265 numine
1142 1223 1327 1276 fruitur,

112 1298 323 1340 veritatem
350 1299 682 1352 scientiamque,
715 1301 838 1353 qu'us
874 1300 917 1342 in
953 1300 1028 1341 hac
1071 1301 1180 1342 terra
1220 1300 1332 1342 insa-

114 1374 251 1418 tiabili
275 1387 413 1416 amore
438 1386 477 1417 et
503 1376 626 1427 quasi
656 1376 726 1418 siti
763 1376 989 1430 flagrabat,
1018 1388 1067 1418 ex
1101 1390 1210 1430 puro
1236 1377 1331 1418 lim·

111 1449 299 1504 'pidoque
333 1450 453 1493 fonte
491 1451 659 1504 largiter
690 1462 732 1492 et
764 1453 929 1494 abunde
965 1453 1120 1496 haurit.
1188 1452 1328 1509 Quare

111 1525 252 1572 insum
291 1526 456 1577 quidem
494 1525 834 1567 Wassenaerium
870 1539 921 1568 ne
947 1528 1219 1579 miseremur-3
1251 1526 1330 1569 im·

115 1612 187 1642 mo
213 1601 375 1643 felicem
404 1601 693 1653 praedicemus
710 1633 724 1654 ‚
755 1602 933 1655 ejusque
960 1604 1197 1645 memoriam
1224 1603 1331 1657 grati

112 1692 162 1722 ac
197 1679 386 1720 lubentes
418 1678 691 1720 celebremus.
753 1678 802 1720 In
840 1691 962 1732 quam
1001 1680 1171 1732 quando
1203 1679 1332 1722 semel

110 1754 328 1808 ingressus
354 1766 482 1805 sum,
514 1754 639 1796 sinite
664 1765 726 1795 me
757 1753 917 1797 diutius
952 1754 987 1796 ei
1018 1754 1257 1797 immorari:
1291 1764 1334 1798 et

113 1832 233 1883 quod
259 1829 533 1873 instaurativa
558 1829 708 1871 schola
737 1830 964 1880 quotannis
990 1839 1108 1871 antea
1146 1830 1331 1872 solebam

112 1900 251 1947 Vobis
268 1906 317 1947 de
338 1904 574 1948 Literarum
599 1904 743 1947 studio
768 1905 960 1947 universe
984 1906 1182 1958 quaedam
1203 1918 1333 1963 prae·

114 1989 235 2035 cepta
255 1990 294 2020 et
317 1979 474 2021 monita
504 1980 688 2029 tradere,
722 1978 787 2019 his
821 1991 935 2022 nunc
972 1980 1202 2036 exemplum
1227 1982 1331 2023 sub—

110 2054 364 2109 jungemus,
411 2053 537 2106 idque
571 2052 615 2096 in
653 2051 944 2096 Wassenaerio
975 2065 1126 2099 nostro
1168 2067 1332 2110 specta-

117 2129 276 2173 bimusa

171 2204 311 2248 Natus
338 2215 402 2250 est
426 2207 468 2249 d.
495 2219 534 2250 1.
561 2206 732 2259 Martii,
764 2220 803 2250 a.
831 2219 1176 2261 nroCCLxxxx15
1212 2218 1334 2263 gente

117 2285 203 2322 una
226 2281 268 2321 in
290 2278 460 2324 Batavis
496 2283 693 2337 gentibus
718 2282 1009 2326 nobilissima:
1041 2284 1091 2326 de
1116 2287 1238 2339 cujus
1262 2298 1335 2327 an·

115 2356 314 2409 tiquitate
332 2368 370 2398 et
397 2358 669 2410 amplitudine
693 2359 829 2400 dicere
852 2371 937 2401 non
961 2361 1137 2413 attinet3
1171 2369 1211 2402 et
1234 2360 1334 2413 quia

120 2432 319 2476 omnibus
355 2444 455 2476 nota
485 2447 567 2477 esta
599 2446 640 2477 et
673 2436 772 2488 quia
811 2434 980 2477 minime
1014 2424 1336 2477 Wassenaerius

124 2515 271 2553 noster
291 2523 335 2552 ea
361 2511 649 2566 gloriabatur3
680 2524 750 2565 et,
783 2513 906 2565 quasi
939 2512 1031 2567 ipse
1055 2525 1141 2556 eam
1168 2512 1341 2567 ignora-

179 2578 275 2632 Vol,
306 2583 363 2627 ΙΙ,
771 2585 812 2629 Y
1245 2590 1340 2640 iet,
