1693 3110
272 197 352 244 DE
384 189 901 257 IMMORTALFPATE
933 192 1129 245 ANIMI.
1227 195 1312 251 643

104 322 257 383 sensus
276 323 505 379 conjuncta
527 321 599 364 sit.
660 318 811 372 Neque
829 317 937 360 enim
964 317 1046 360 hoc
1083 330 1132 360 eo
1168 316 1308 372 valet,
1330 313 1481 393 {exectis}

101 402 152 449 gift
191 397 364 438 dubium
402 397 661 448 relinquatur
692 402 829 444 utrum
873 404 1108 447 permaneat
1146 405 1221 435 nec
1259 404 1311 443 ne
1375 409 1379 412 ’

100 472 286 527 ⁷Animus
321 485 418 526 post
454 483 647 515 mortem,
709 471 788 526 Sed
823 470 1052 523 nimirum,
1083 484 1180 514 cuin
1216 472 1312 526 ipse.

107 549 261 592 diserte
293 553 645 604 pronunciasset,
689 550 1029 604 verisimillimam
1064 551 1148 606 sibi
1182 550 1314 608 videri

103 622 502 686 immortalitatem,
527 627 670 684 clebuit
696 640 742 669 se
766 638 900 681 tamen
927 627 1241 674 accommodare
1264 625 1315 674 ad

100 713 323 764 personam
359 709 477 760 ejus,
509 716 692 760 quocum
732 703 998 758 disputabat3
1048 712 1093 744 ut
1128 703 1164 744 si
1197 703 1234 744 ei
1265 704 1318 754 de

103 781 421 827 Immortalitate
444 781 677 835 persuaderi
704 792 790 823 non
813 788 959 833 posset
974 780 1128 832 ‚illud
1149 791 1318 833 tamen,

105 857 223 907 quod
258 857 526 910 propositum
565 867 650 899 erat
692 857 818 909 libri,
845 856 1104 908 efficeretur,
1138 868 1318 910 mortem

101 943 192 978 non
225 948 315 979 esse
350 938 520 980 malum.
580 937 710 993 Quod
742 944 787 978 ut
808 937 955 992 ‚magis
974 938 1321 990 etiamconstet,

103 1021 345 1063 argumenta
380 1010 644 1065 proferamus
683 1024 733 1054 ex
778 1012 947 1055 duobus
992 1013 1086 1057 aliis
1116 1013 1319 1067 operibus

105 1083 347 1130 Ciceronis.

166 1159 213 1202 In
238 1160 348 1202 libro
383 1161 433 1202 de
462 1160 717 1214 Senectute,
752 1172 1003 1214 quamquam
1029 1160 1141 1207 Cato
1179 1160 1325 1207 dicens

109 1233 353 1288 inducitur,
388 1245 522 1278 tamen
561 1240 640 1278 sub
680 1238 770 1291 ejus
804 1237 987 1289 persona
1011 1235 1165 1284 Cicero
1210 1246 1327 1278 suam

107 1311 204 1366 ipse
237 1313 411 1366 exponit
441 1314 720 1365 sententiam,
752 1322 800 1356 ut
834 1312 927 1365 ipse
953 1320 1131 1354 testatur
1168 1312 1211 1354 in
1246 1313 1330 1355 fine

113 1389 270 1441 capitis
305 1388 447 1440 primi.
504 1388 562 1431 Et
596 1389 778 1441 primum
805 1388 1000 1440 quidem,
1028 1389 1081 1430 de
1104 1388 1324 1431 Contcmm

115 1469 261 1509 mortis
296 1467 465 1509 disserit
501 1468 641 1510 eodem
677 1467 911 1510 dilemmate
961 1466 1075 1518 Cap.
1102 1479 1176 1518 192
1228 1497 1265 1520 ,‚
1297 1466 1335 1509 Ο

117 1545 317 1586 miserum
353 1555 515 1594 senem,
558 1546 632 1599 qui
667 1551 842 1585 mortem
875 1543 1214 1587 contemnendam
1253 1556 1336 1585 csse

118 1623 168 1663 in
198 1632 289 1663 tam
317 1620 447 1674 longa
471 1629 612 1661 aetate
637 1633 717 1661 non
740 1619 927 1662 viderit!
959 1633 1067 1675 quac
1098 1629 1176 1661 aut
1206 1619 1339 1676 plane

117 1695 370 1752 negligenda
414 1706 502 1748 cst,
544 1698 581 1736 si
613 1698 776 1737 omnino
823 1698 1056 1751 exstinguit
1106 1697 1338 1739 Animum:

120 1783 197 1816 aut
222 1777 350 1814 etiam
374 1769 586 1826 optanda,
618 1773 654 1811 si
678 1771 826 1826 aliqud
846 1786 936 1813 eum
961 1770 1132 1813 deducit
1148 1802 1162 1823 ‚
1194 1772 1265 1812 ubi
1283 1772 1342 1813 sic

110 1851 296 1904 futurus
331 1846 578 1890 aeternus.''
647 1846 755 1890 Mox
790 1847 899 1900 Cap.
926 1859 973 1890 21
1004 1858 1043 1890 et
1071 1861 1140 1890 22.
1187 1849 1342 1890 diserte

123 1924 417 1979 pronunciat,
460 1924 642 1966 Animos
690 1935 949 1966 mortuorum
994 1923 1133 1967 vivere
1173 1933 1212 1966 et
1247 1937 1341 1968 esse

125 2000 434 2048 sempiternos:
467 1999 589 2040 docet
614 2010 755 2041 eorum
781 1998 980 2051 originem
1006 2011 1097 2042 esse
1123 2001 1336 2042 divinam:

124 2076 309 2118 rationes
348 2074 480 2125 adfert
501 2074 769 2125 PlatonicaS,
802 2074 1127 2127 Pythagoricas,
1174 2084 1213 2117 et
1235 2074 1344 2128 Cyri

126 2152 344 2197 morientis
367 2164 389 2193 e
411 2151 695 2204 Xenophonte
720 2151 969 2197 orationem.
1031 2148 1152 2203 Quae
1176 2150 1344 2201 quidem

130 2242 304 2276 notasse
339 2230 525 2282 sufficit,
556 2229 789 2273 describere
822 2228 997 2281 longum
1026 2236 1066 2269 et
1102 2235 1349 2280 supervaca-

129 2317 255 2350 neum
301 2317 384 2349 est.
453 2306 637 2349 Constat
679 2305 836 2357 etiam,
867 2306 1112 2346 Ciceronem
1153 2304 1194 2345 in
1227 2303 1347 2345 libris

134 2383 185 2425 de
223 2382 492 2435 Republica,
527 2382 684 2436 ingenti
721 2382 922 2424 bonarum
961 2381 1171 2423 literarum
1196 2379 1349 2423 damno

133 2461 395 2512 deperditis,
437 2471 486 2502 ex
519 2459 735 2510 Scipionis
785 2460 964 2511 persona
1008 2469 1125 2500 suam
1166 2466 1212 2498 ac
1255 2465 1351 2507 pro-

135 2538 269 2591 priam
297 2537 545 2581 sententiam
565 2537 809 2580 declarasse.
872 2534 1013 2591 HuJus
1051 2545 1222 2588 quoque
1241 2532 1355 2586 Ope·

739 2611 798 2652 Ss
829 2622 855 2653 ε
1295 2606 1355 2652 ii!
