1693 3110
412 211 521 257 AD
588 206 1116 255 HEUSDIUM.
1318 218 1371 254 21

154 337 309 389 flatus,
343 345 558 390 sequatur.
620 333 700 376 Sed
735 331 805 373 Tu
844 331 1042 386 Dionysii
1081 333 1220 374 locum
1241 361 1255 382 ‚
1283 331 1369 385 iam

157 424 277 456 antea
313 413 413 455 Tibi
449 414 634 460 lectum,
677 408 720 449 in
752 416 828 448 tuo
858 406 951 460 ipse
985 407 1180 459 exemplo
1210 407 1369 460 relege3

160 499 225 531 est
246 489 352 531 enim
379 488 546 541 longior
580 495 704 536 quam
741 481 817 533 qui
851 481 919 521 hic
946 492 1208 534 apponatur:
1239 490 1375 524 exstat

158 564 203 606 in
239 565 436 621 Epistola
471 560 532 602 ad
574 557 818 614 Pompcjum
865 555 972 609 Cap.
1000 557 1061 607 ΙΙ,
1106 569 1150 608 p.
1180 569 1276 610 203.
1309 558 1374 600 ed.

159 639 373 680 Hudson:
405 646 445 678 et
485 635 638 689 partim
675 635 879 686 repetitus
919 632 962 674 in
992 631 1173 685 Judt'cio
1204 633 1255 674 de
1292 633 1379 674 De-

163 716 372 759 mosthene
410 714 520 766 Cap.
543 711 636 764 VI,
670 708 784 764 VII,
814 723 860 764 p.
888 722 994 763 271:
1031 720 1070 751 et
1095 711 1283 752 eumdem
1316 711 1380 753 lo-

160 803 257 833 cum
289 792 370 844 jam
394 797 592 842 posuerat
619 787 661 829 in
699 797 813 840 parte
838 799 952 828 nunc
977 787 1135 839 perdita
1166 789 1307 841 operis
1334 790 1385 830 de

169 866 426 910 Oratoribus
454 865 627 909 Atticis.
689 865 817 906 Tanti
842 865 876 905 ei
898 863 1118 906 videbatur
1147 863 1273 907 istam
1297 865 1390 908 Pla.

169 943 286 987 tonis
315 942 674 996 reprehensionem
714 940 874 992 ubique
905 939 1131 982 inculcare.

225 1019 283 1060 Et
307 1019 422 1070 quod
448 1017 562 1069 dixi,
589 1017 755 1059 Platoni
777 1016 1010 1068 exemplum
1037 1015 1243 1067 colioquii
1261 1017 1385 1060 etiam

167 1092 314 1147 po‘ctas
340 1093 611 1145 praebuisse:
643 1099 754 1134 certe
781 1101 1006 1143 utrumque
1029 1103 1160 1144 genus
1181 1093 1264 1146 jam
1293 1095 1393 1146 phi-

171 1168 392 1222 losophiae
413 1167 686 1208 adhibuerant
707 1167 892 1218 scenici,
917 1166 1102 1219 tragicus
1130 1166 1356 1220 Euripides
1371 1197 1387 1218 ,

169 1248 362 1290 comicus
407 1246 705 1299 Epicharmus,
781 1244 838 1287 Et
875 1245 1097 1286 mimorum
1136 1245 1392 1297 scriptorem

174 1322 443 1377 Sophronem
480 1321 700 1376 diligenter
735 1321 944 1363 lectitavit
972 1321 1113 1375 Plat03
1148 1335 1234 1374 quo
1263 1324 1398 1377 magis

173 1399 365 1453 dialogos
405 1400 497 1453 ipse
531 1411 636 1441 suos
671 1399 723 1441 ad
756 1398 1167 1441 verisimilitudinem
1212 1410 1252 1441 et
1284 1413 1398 1442 com-

179 1476 320 1518 munis
344 1476 454 1517 vitae
476 1475 656 1529 speciem
681 1477 896 1519 formaret.
957 1474 1094 1532 Quam
1118 1477 1284 1529 quidem
1309 1479 1397 1518 lau-

175 1555 267 1595 dern
294 1552 468 1594 mirifice
498 1554 700 1606 explevit.
760 1553 974 1595 Differunt
1003 1552 1112 1594 enim
1147 1553 1277 1607 hujus
1308 1548 1426 1595 dia?

174 1629 263 1682 logi
297 1628 347 1669 ab
381 1629 479 1669 aliis
519 1639 560 1669 et
595 1627 908 1669 Socraticorum
937 1637 977 1668 et
1003 1628 1180 1669 aliorum
1207 1629 1400 1670 omnium

177 1704 533 1759 philosophorum
588 1703 768 1755 dialogis
811 1712 1005 1755 tantum,
1050 1715 1255 1756 quantum
1302 1707 1403 1748 viva.

178 1793 358 1834 corpora
393 1793 415 1821 a
448 1779 615 1822 statuis.
675 1779 788 1820 Nam
813 1789 860 1820 ut
886 1780 1127 1833 Xenophon
1153 1781 1400 1825 sententiam

180 1857 366 1900 Socratis
396 1856 536 1899 verius
562 1856 857 1909 sinceriusque
884 1858 1040 1899 tradat:
1068 1867 1179 1898 certe
1199 1858 1320 1899 Plato
1345 1854 1408 1900 ra-

178 1936 336 1979 tionem
384 1933 640 1976 Socraticam
686 1934 886 1977 disertius
925 1932 1146 1987 exprimit:
1195 1934 1293 1977 dico
1325 1935 1410 1977 iro-

185 2011 328 2059 niam,
359 2008 635 2050 urbanitatem
655 2039 670 2061 ,
702 2008 904 2060 facetias,
944 2009 1164 2063 imaginem
1197 2011 1411 2063 quotidia-

186 2099 262 2130 nae
293 2086 617 2129 consuetudinis
652 2099 698 2128 ac
737 2086 977 2140 sermonis,
1008 2094 1098 2128 tum
1133 2086 1244 2129 illam
1278 2088 1411 2130 dissc-

187 2165 302 2206 rendi
336 2165 444 2205 viam
472 2165 826 2207 accommodatam
858 2164 924 2205 vel
952 2164 1001 2205 ad
1025 2175 1183 2207 errores
1205 2177 1410 2207 vanorum

192 2241 417 2283 hominum
452 2240 771 2292 confutand05‚
813 2241 879 2283 vel
910 2241 962 2283 ad
993 2241 1131 2283 studia
1156 2241 1410 2284 discentium

188 2318 404 2373 iuvanda,
448 2327 516 2369 et,
559 2317 680 2370 quasi
717 2318 962 2360 obstetricis
998 2318 1159 2370 instar,
1192 2331 1240 2360 ex
1271 2330 1414 2371 partu-

194 2393 405 2436 rientibus
446 2405 590 2437 eorum
628 2393 810 2448 ingeniis
845 2393 1042 2435 notiones
1080 2396 1295 2436 involutas
1340 2396 1413 2436 eli-

193 2470 379 2513 ciendas.
442 2470 603 2522 Porro,
631 2471 824 2524 dialogus
859 2470 1047 2513 Platonis
1078 2472 1205 2513 habet
1240 2471 1322 2513 fere
1347 2472 1419 2525 ju-

198 2548 254 2595 sti
293 2547 620 2609 magnitudinem
668 2548 864 2591 dramatis
888 2578 905 2600 ,
945 2558 1086 2604 partes
1111 2578 1127 2604 ,
1175 2548 1423 2600 descriptio-

789 2625 823 2669 B
854 2636 876 2683 3
1296 2637 1422 2680 nem,
