1693 3110
454 265 1298 336 PRAEFATIO

593 482 833 517 LIBRI
918 480 1168 513 PRIM!

268 656 908 712 MISCELLANEAE
985 651 1490 704 DOCTRINAE.

411 809 1375 834 Μ

791 918 847 959 D.
908 916 976 956 W„

446 1059 874 1102 LITERARUM
936 1057 1332 1100 STUDIOSIS

813 1202 859 1243 S.
923 1204 979 1244 D.

280 1298 493 1390 Annus
525 1339 594 1380 hic
631 1347 696 1380 est
729 1336 972 1391 trigesimus
1014 1335 1259 1387 secundus,
1289 1334 1407 1387 quod
1427 1334 1498 1376 Bi-

278 1419 533 1459 bii->thecam
574 1416 781 1458 'Criticarn
826 1415 1005 1456 scribere
1045 1415 1283 1467 coepimus.
1348 1416 1499 1467 Neque

282 1504 372 1536 tum
411 1494 667 1547 putabamus
701 1490 823 1544 fore,
859 1502 906 1532 ut
937 1503 1053 1543 eam,
1083 1493 1149 1532 vel
1173 1501 1253 1532 tam
1280 1492 1438 1532 multos
1461 1491 1505 1533 in

281 1584 417 1615 annos
471 1569 807 1619 extraheremus‚
850 1569 916 1610 vel
956 1576 1183 1610 extractam
1235 1575 1317 1608 tam
1358 1569 1509 1619 paucis

279 1646 573 1688 voluminibus
608 1644 939 1686 contineremus.
998 1643 1218 1687 Materiam
1256 1642 1383 1684 nobis
1413 1645 1504 1684 An-

280 1720 493 1771 tiquarum
533 1719 769 1762 Literarum
820 1721 999 1773 amplam
1037 1729 1078 1760 et
1117 1719 1274 1761 variam
1315 1718 1511 1760 sumeba-

282 1811 408 1848 mus,
462 1811 596 1840 novas
645 1801 885 1841 Auctorum
936 1798 1170 1849 editiones,
1228 1798 1508 1851 interpretum

281 1877 610 1917 commentarios
648 1889 694 1917 ac
737 1876 1079 1928 disputationes,
1123 1875 1316 1917 omnium
1358 1887 1510 1917 censu-

283 1965 370 1995 ram
408 1962 446 1993 et
485 1951 835 2003 explicationem
870 1963 945 1992 nce
982 1950 1141 1992 laboris
1181 1950 1511 2003 magnitudinem

284 2043 378 2072 cum
414 2028 632 2071 facultat1s
658 2036 830 2069 nostrae
860 2027 1024 2079 otiique
1058 2027 1184 2068 modo
1210 2028 1311 2070 satis
1337 2039 1510 2078 compa-

282 2106 493 2148 rabamus.
565 2106 712 2156 ltaque
744 2117 819 2157 per
859 2114 1018 2157 septem
1056 2104 1217 2157 priores
1256 2115 1389 2145 annos
1419 2103 1516 2144 Par-

285 2182 402 2223 tibus
445 2190 542 2221 octo
567 2179 720 2230 editis,
752 2178 938 2230 reliquae
976 2178 1119 2219 Partes
1153 2183 1339 2228 quatuor
1378 2176 1516 2228 spatio

283 2258 436 2310 viginti
488 2266 528 2298 et
573 2256 762 2308 quinque
809 2266 1015 2297 annorum
1068 2253 1330 2306 prodierunt.
1402 2251 1522 2308 Quae

286 2331 459 2373 tarditas
495 2341 534 2372 et
568 2331 824 2373 intermissio
861 2332 1015 2383 quibus
1051 2331 1099 2371 de
1144 2329 1309 2370 caussis
1349 2329 1515 2370 accide-

287 2410 371 2459 rit,
411 2417 456 2449 ut
492 2421 616 2460 saepe
646 2408 771 2451 nobis
805 2408 993 2459 dictum,
1038 2417 1220 2459 repetere
1254 2407 1314 2447 nil
1349 2405 1511 2447 attinet.

287 2484 417 2529 Nunc
458 2485 745 2529 Bibliothecae
777 2486 962 2529 Criticae
995 2484 1216 2539 trigesimo
1251 2482 1387 2536 primo
1412 2492 1523 2521 anno

268 2586 288 2607 ’τ
1465 2554 1514 2599 fi-
