1693 3110
328 296 460 366 DE
530 301 838 364 OBITU
899 299 1440 370 SANTENH:

271 558 369 610 {Ex
419 564 610 603 BIBL.
656 564 852 601 oman·
884 565 938 602 P.
967 563 1055 602 XI.
1094 568 1151 621 p.
1192 550 1331 620 155,
1375 567 1499 624 sqq,v

685 788 1178 811 m

244 1012 247 1016 ,
273 943 358 1034 E
378 995 395 1027 t
427 984 628 1028 Santenio
657 984 867 1037 quondam
899 993 1050 1028 nostro
1084 985 1206 1028 locus
1249 984 1422 1030 debetur
1456 986 1506 1031 ir}

284 1063 362 1104 hac
394 1062 823 1114 Bibliotheca‚quam
847 1062 950 1114 ipse,
966 1062 1151 1115 elegante
1185 1064 1378 1115 symbola
1409 1076 1505 1105 cena³

272 1149 394 1181 surae
432 1138 701 1181 Tibuliianae
739 1139 906 1180 ornavit
939 1138 1003 1193 (*
1021 1138 1074 1191 ):
1107 1147 1146 1179 et
1172 1136 1257 1178 fuit
1283 1138 1408 1180 nobis
1428 1138 1502 1180 Li»

277 1223 463 1258 terarum
487 1227 626 1257 amore
643 1214 902 1268 conjunctus
918 1244 933 1266 ‚
950 1215 1043 1256 inde
1076 1214 1162 1256 fere
1187 1215 1238 1256 ab
1259 1215 1334 1256 illo
1350 1224 1498 1256 nostro

278 1290 480 1335 Leidensi
511 1291 751 1333 studiorum
776 1303 912 1333 anno:
946 1301 985 1332 et
1015 1292 1210 1333 admonet
1238 1303 1320 1332 nos
1350 1290 1506 1332 mentio

275 1365 510 1407 ‘Villoisoni
541 1366 707 1417 nostri,
739 1366 810 1406 cui
848 1365 1170 1407 conciliavimus
1196 1377 1291 1406 eum
1322 1365 1505 1408 Parisios

273 1442 528 1484 invisentem
556 1452 686 1494 tunc,
719 1454 850 1494 quum
878 1454 957 1483 nos
991 1441 1050 1482 ibi
1079 1441 1347 1495 degebamus.
1415 1441 1505 1482 Na-

274 1527 349 1561 tus
383 1518 717 1569 Amstelodami‚
761 1529 866 1560 usus
914 1517 1136 1569 disciplina
1181 1518 1228 1560 P.
1274 1518 1504 1561 Burmanni

277 1595 495 1647 Secundi,
527 1595 848 1648 condiscipulus
872 1603 912 1636 et
944 1595 1102 1637 amicus
1124 1594 1298 1637 Boschii
1335 1596 1501 1648 nostri,

281 1672 381 1715 item
404 1684 583 1724 poeseos
606 1671 781 1713 Latinae
802 1671 987 1712 studium
1016 1671 1266 1724 laudemque
1287 1684 1506 1715 consecta-

278 1757 351 1790 tus
384 1757 465 1789 est.
539 1747 652 1788 Hinc
690 1743 862 1788 Leidam
912 1746 1118 1797 veniens,
1145 1748 1512 1801 jurisprudentiae

278 1835 445 1876 operam
469 1822 608 1873 dedit,
635 1823 814 1864 ducibus
842 1821 1011 1865 Voorda
1041 1832 1080 1864 et
1107 1823 1313 1867 Pesteiio:
1345 1825 1501 1866 Literis

279 1899 454 1942 Graecis
499 1907 539 1940 et
582 1897 789 1949 Latinis,
843 1898 1091 1939 doctoribus
1140 1898 1421 1942 Valckenario
1469 1912 1508 1941 et

284 1976 565 2027 Ruhnkenm,
598 1987 779 2027 quorum
807 1975 980 2026 utrique
1007 1975 1050 2016 in
1076 1974 1222 2028 primis
1251 1988 1375 2019 carus
1404 1975 1505 2018 fuit.

289 2054 347 2096 Et
370 2053 663 2094 hodiernarnm
693 2052 895 2094 assumsit
927 2051 1164 2092 Literarum
1194 2054 1508 2105 cognitionem,

287 2142 376 2173 non
415 2129 540 2170 modo
576 2128 862 2181 Belgicam„
903 2128 975 2170 sed
1012 2137 1052 2168 et
1086 2127 1375 2181 Gallicarum,
1408 2129 1510 2180 quin

291 2218 331 2248 et
354 2207 694 2249 Germanicasum
721 2215 760 2247 et
794 2205 1159 2256 Britannicarum,
1192 2204 1234 2245 in
1269 2217 1363 2246 eum
1401 2215 1513 2247 certe.

287 2283 442 2333 finem,
486 2292 533 2323 ut
567 2283 618 2323 ad
652 2283 811 2324 saeculi
866 2294 1033 2324 sensum
1091 2281 1255 2334 politus
1287 2281 1507 2324 videretur.

286 2360 476 2403 Omnino
497 2391 512 2413 ‚
543 2373 588 2403 ea
611 2362 653 2403 in
679 2374 728 2404 eo
763 2371 847 2405 erat
869 2360 1072 2416 elegantia
1101 2361 1256 2416 ingenii
1281 2374 1327 2404 ac
1355 2361 1513 2405 doctri*

1406 2447 1509 2489 nae2

337 2549 432 2603 (ἢ
463 2550 594 2599 [nim.
622 2555 715 2594 erit.
744 2556 832 2597 voi.
856 2557 888 2596 1.
916 2558 959 2595 P.
981 2556 1053 2594 111.
1083 2568 1107 2605 p
1144 2550 1354 2604 53—88.]
