1693 3110
363 202 521 256 530,
649 192 1253 252 Dispu‘r'A-Ttlo

169 324 282 404 3333
303 327 345 362 ν.
365 325 468 366 duae
493 330 630 377 partes
655 334 917 378 postremae,
949 327 998 369 de
1018 339 1190 371 numero
1212 329 1464 376 ‘Animarum
1489 339 1568 378 nez?

362 400 551 452 augendo
582 412 656 442 nec
679 402 930 454 minuendo,
961 413 999 444 et
1026 404 1074 445 de
1101 407 1277 457 parti-um
1306 407 1439 456 ipsius
1464 423 1564 453 con·

362 487 522 527 sensu,
554 477 731 531 adiectae
763 488 862 521 sunt
884 479 1016 522 veluti
1038 489 1086 522 ex
1105 482 1332 526 abundanti
1355 498 1367 527 ε
1402 495 1442 527 et
1470 487 1568 529 ube-

359 550 449 591 rius
472 551 737 604 explicantur
760 554 804 595 in
833 553 1079 608 Phaedone,
1112 567 1157 598 ut
1186 570 1283 601 mox
1308 561 1560 607 videbimuS.

360 625 484 670 Prior
507 639 605 670 vero
632 641 725 681 pars
753 631 927 672 omnino
952 633 1155 675 acuminis
1175 634 1334 678 laudem
1359 637 1506 690 habet,
1531 648 1572 680 et

360 703 412 744 ad
436 694 626 756 magnam
656 705 1057 750 verisimilitudinem
1099 710 1296 761 explicari
1333 723 1498 765 potest3
1531 713 1570 755 si

359 779 527 832 quidem
550 794 598 823 ex
618 782 927 834 comparatione
947 795 1079 825 rerum
1109 797 1400 838 corporearum
1427 799 1573 833 osten-

358 856 496 909 ditur,
516 868 602 899 non
627 856 774 898 habere
796 857 986 900 Animam
1010 861 1052 901 in
1083 873 1126 903 se
1149 863 1353 914 ejusmodi
1375 863 1561 920 Malum,

357 942 493 984 neque
516 931 774 974 extrinsecus
797 933 982 987 accipere
1003 947 1162 990 posse,
1199 939 1284 989 quo
1313 940 1557 993 exstingua-

359 1012 428 1047 tur
445 997 539 1059 'ipsa
561 1016 602 1049 et
627 1017 782 1062 pereat.

172 1082 318 1167 3330?
412 1080 639 1128 Videamus
663 1088 744 1141 jam
774 1087 823 1130 de
846 1087 1090 1143 Phaedone;
1132 1089 1206 1142 qui
1232 1090 1280 1132 ab
1321 1091 1434 1133 omni
1465 1088 1571 1132 anti-

166 1166 334 1207 ?haedont
357 1161 514 1212 quitate
543 1160 580 1203 is
621 1162 787 1206 habitus
823 1173 886 1206 est
926 1165 1060 1217 liber,
1093 1165 1136 1207 in
1172 1177 1257 1217 quo
1283 1166 1464 1208 rationes
1489 1164 1570 1205 Im-

356 1240 621 1283 mortalitatis
654 1240 900 1282 Animorum
936 1242 1178 1293 gravissime
1201 1243 1560 1284 luculentissime-

354 1329 439 1370 que
459 1316 673 1369 expositae
705 1325 858 1359 essent.
917 1315 1037 1371 Quae
1062 1317 1227 1369 quidem
1255 1317 1363 1359 libro
1392 1318 1482 1360 laus
1517 1327 1560 1361 et

352 1393 581 1434 auctoritas
613 1393 833 1434 conciliata
852 1401 941 1443 est,
971 1405 1058 1435 non
1095 1403 1174 1434 tam
1208 1394 1398 1436 firmitate
1429 1407 1551 1448 argu-

352 1475 622 1519 mentorum,
656 1478 778 1518 quam
815 1468 1055 1519 eloquentia
1092 1468 1295 1510 Platonis.
1374 1471 1561 1514 Habetur

350 1542 461 1584 enim
493 1540 726 1594 disputatio
758 1553 810 1582 ex
843 1540 1025 1592 persona
1057 1539 1269 1592 SocratiS,
1300 1544 1372 1595 qui
1410 1546 1562 1589 ultimo

349 1617 462 1659 vitae
495 1617 560 1659 die
584 1617 626 1659 in
652 1628 811 1659 carcere
835 1616 885 1658 ad
917 1615 1078 1657 amicos
1109 1617 1305 1670 disserit,
1338 1623 1451 1662 tanta
1474 1621 1562 1663 ani-

351 1700 410 1742 mi
437 1698 740 1752 tranquillitate
762 1710 807 1739 ac
834 1696 1148 1751 magnitudine,
1168 1699 1281 1738 tanta
1305 1696 1383 1739 fide
1407 1711 1452 1740 ac
1474 1712 1565 1752 per.

352 1775 552 1819 suasione
581 1773 748 1816 futurae
773 1772 1014 1824 felicitatis,
1046 1783 1092 1814 ut
1110 1803 1124 1825 ,
1156 1785 1241 1815 non
1275 1774 1325 1815 ad
1354 1784 1558 1826 mortem,

352 1852 426 1895 sed
448 1852 498 1893 ad
524 1850 711 1892 Deorum
739 1850 1039 1891 Immortalium
1073 1850 1330 1891 domicilium
1360 1850 1471 1891 abire
1496 1850 1560 1891 vi·

352 1928 513 1969 deatur.
577 1925 744 1980 Quare,
779 1925 892 1976 quod
924 1925 1049 1976 dico,
1093 1924 1129 1966 si
1164 1924 1266 1976 quid
1303 1934 1364 1965 est
1395 1925 1438 1965 in
1469 1925 1561 1977 ipsa

350 2002 707 2058 argumentatione
747 2003 815 2044 vel
849 2001 1001 2042 erroris
1038 2001 1103 2040 vel
1137 1999 1436 2051 obscuritatis,
1480 2001 1561 2042 hoc

349 2078 464 2130 apud
490 2077 672 2130 legentes
707 2075 961 2130 cogitatione
998 2083 1037 2116 et
1068 2075 1199 2116 veluti
1224 2085 1457 2128 conspectu
1480 2076 1562 2117 So-

352 2154 509 2206 cratis,
541 2163 666 2206 atque
693 2153 894 2195 orationis
919 2151 1154 2194 Platonicae
1179 2150 1377 2204 gravitate
1396 2164 1441 2193 ac
1466 2163 1565 2193 sua·

349 2228 478 2271 vitate
509 2229 779 2272 obruebatur.
838 2228 1063 2280 Ceterum,
1096 2239 1224 2279 quum
1251 2230 1342 2280 ipsa
1368 2227 1555 2270 Platonis

351 2304 584 2357 disputatio
609 2306 717 2347 haud
744 2316 887 2358 parum
914 2304 1057 2346 habeat
1077 2302 1330 2345 difficultatis
1357 2305 1406 2345 ad
1429 2303 1554 2345 intei-

349 2381 591 2436 ligendum3
627 2395 790 2437 operam
826 2383 945 2434 dedi,
976 2393 1023 2424 ut
1057 2393 1141 2423 eam
1181 2383 1222 2424 in
1261 2383 1553 2435 compendium

350 2458 571 2511 redigerem
606 2467 644 2499 et
676 2469 1015 2513 argumentorum
1058 2461 1235 2503 summis
1283 2459 1459 2503 breviter
1503 2471 1550 2502 ac

324 2533 329 2538 '
349 2534 573 2592 perspicue
596 2534 845 2579 exhiberem.

1464 2609 1553 2655 Pra-
