1693 3110
329 207 408 252 DE
436 192 949 252 IMMORTALITATE
982 187 1174 249 Axth.
1283 199 1367 259 σςῑ

156 327 340 381 tonius,
372 330 496 383 cujus
523 330 684 382 egregia
710 329 906 380 quaedam
929 326 1110 371 Moralia
1132 327 1363 382 fragmenta

156 405 319 449 servata
358 417 458 450 sunt
488 408 600 460 apud
625 406 877 450 Stobaeum:
911 406 1173 450 Chaeremon
1192 437 1206 457 ‚
1235 406 1370 448 Nero·

163 483 231 527 nis
261 494 530 538 praeceptor:
566 483 725 526 Canius
748 483 893 536 Iulus,
925 482 1143 538 Caligulae
1167 484 1290 538 jussu
1306 484 1370 526 in-

158 559 389 603 terfectus:
421 559 625 604 Thraseas
659 559 809 602 Paetus
828 590 842 612 ,
873 559 1099 613 singularis
1137 557 1370 600 sanctitatis

156 636 253 688 vir,
283 650 304 678 a
327 636 494 681 Nerone
521 636 701 691 primum
735 647 887 691 magno
911 635 957 678 in
980 634 1142 677 honore
1171 633 1368 685 habitus,

154 725 305 771 postea
333 704 518 762 occisus-

216 790 507 846 Peripatetici,
558 804 715 848 praeter
755 805 883 846 supra
915 799 1199 844 memoratos,
1243 789 1372 833 incla-

158 878 333 910 ruerunt
358 869 569 922 ssoethus,
602 868 855 923 SosigeneS,
888 867 1192 918 Ali-ironicus,
1216 870 1372 910 Xenar-

154 945 302 996 chus,
344 945 617 997 Athenaeus,
659 947 898 996 Adfatim,
942 953 982 986 et
1035 942 1221 985 Neronis
1257 953 1375 995 prae·

155 1029 305 1072 ceptor
338 1021 568 1065 Alexander
603 1022 806 1075 Aegeusz
841 1018 1080 1070 Platonici‚
1111 1018 1156 1060 in
1197 1018 1373 1070 primis,

157 1092 438 1147 Onosander,
481 1107 521 1138 et
558 1095 812 1151 Thrasyllus
850 1109 872 1140 a
896 1094 1069 1138 Tiberio
1105 1092 1373 1136 interfectuS.

212 1168 329 1212 Haec
373 1171 503 1224 igitur
551 1172 847 1226 praemittenda
898 1171 1174 1221 videbantur,
1225 1178 1272 1210 ut
1320 1178 1374 1209 ne

152 1254 292 1296 aetas,
325 1257 431 1296 quae
452 1259 474 1289 a
500 1246 709 1290 Cicerone
732 1248 783 1289 ad
809 1247 1006 1288 Senecam
1033 1255 1126 1295 est,
1158 1255 1288 1287 vacua
1311 1254 1374 1285 re·

148 1317 435 1370 linqueretur:
481 1321 553 1362 sed
587 1331 636 1362 ex
669 1321 888 1362 notatione
921 1329 1159 1371 sectarum,
1193 1329 1372 1371 quarum

151 1391 324 1436 fuerunt
353 1395 636 1450 Philosophi,
669 1397 910 1438 coniectura
948 1396 1035 1438 fieri
1061 1405 1232 1448 posset,
1265 1406 1373 1446 quae

150 1469 280 1513 fuerit
313 1470 610 1526 plerorumque
638 1471 844 1515 sententia
878 1473 929 1514 de
948 1472 1201 1515 Animorum
1224 1469 1371 1515 futura

153 1545 415 1591 conditione.

458 1695 799 1741 SECT.
904 1696 1058 1742 x11.

622 1849 692 1892 Dc
720 1849 893 1892 Seneca.

210 1998 329 2054 Ergo
353 1999 409 2042 sit
432 1999 535 2042 mihi
559 2011 580 2041 s
596 2009 706 2042 ΕΝΕ
721 2010 746 2040 c
761 2012 790 2041 A
805 1998 839 2040 is
854 2028 868 2050 ‚
885 1996 928 2040 in
947 2009 1034 2052 quo
1058 1996 1164 2042 hanc
1178 1997 1368 2051 disputa·

152 2077 307 2119 tionem
335 2075 491 2120 finiam.
536 2076 638 2118 Fuit
665 2075 734 2118 hic
764 2076 953 2118 omnium
971 2106 986 2127 ,
1019 2076 1092 2129 qui
1117 2086 1217 2130 post
1241 2077 1368 2119 Cice-

155 2164 295 2195 ronem
317 2152 468 2198 Latine
491 2154 539 2195 de
560 2152 840 2206 Philosophia
859 2153 1147 2207 scripserunt,
1169 2153 1366 2207 princeps

156 2239 254 2273 cum
291 2229 529 2282 eloquentia
567 2240 656 2274 tum
693 2229 912 2277 doctrinae
947 2231 1091 2283 copia.
1151 2229 1366 2280 Constat,

156 2315 251 2346 eum
287 2303 332 2346 in
367 2306 510 2358 primis
537 2307 707 2349 Stoicos
743 2316 931 2351 secutum
958 2319 1080 2360 esse2;
1110 2319 1365 2361 quamquam

151 2379 245 2433 ipse
266 2382 372 2423 nulli
396 2392 528 2427 sectae
549 2395 701 2426 nomen
728 2383 937 2435 dedisset,
962 2393 1003 2424 et
1025 2382 1238 2425 Platonica
1260 2394 1368 2435 quo·

154 2468 236 2508 que
272 2457 424 2508 placita
453 2460 743 2505 assumsisset.
806 2460 888 2505 Sed
919 2461 1132 2505 videamus
1160 2460 1250 2504 Viri
1271 2472 1367 2504 sen·

148 2531 322 2577 tentiam
341 2545 390 2577 ex
412 2533 549 2589 ipsius
571 2536 727 2581 verbis.

1304 2609 1365 2654 Et

1390 338 1474 370 sect.
1496 332 1560 374 XI.

1390 381 1431 410 de
1454 378 1527 410 aliis

1388 421 1511 456 Philos.
