1693 3110
284 214 372 278 356
564 202 1218 266 P'A'RE‘NTALI'AAE

292 340 461 384 assidue
483 339 728 393 interesset,
760 340 839 383 alia
864 351 904 385 et
942 342 1054 385 varia
1087 351 1328 398 argumenta
1361 336 1505 388 secun&

294 416 409 458 domi
444 425 669 467 tractaret,
700 427 775 458 nec
809 418 1014 460 sodalium
1048 419 1195 462 officiis
1219 420 1409 473 abesset,
1438 420 1506 462 his

292 497 376 532 tam
407 490 551 531 multis
576 490 700 533 rebus
728 504 859 543 quum
886 501 1050 545 tempus
1075 506 1161 535 non
1189 495 1505 546 suppeditaret,

289 565 403 609 villud
435 566 629 620 corporis
672 580 824 621 curae,-
879 570 1151 622 recreationi,
1201 570 1507 624 ambulationi,

296 644 462 696 quieti,
505 654 659 687 somno
699 644 922 688 subtraxit.
987 648 1135 698 ltaque
1167 647 1366 688 valetudo
1395 646 1511 688 infir*

297 719 431 772 mari,
463 719 788 762 inflammatione
806 720 993 762 faucium
1016 721 1195 766 tentarit
1215 731 1341 773 atque
1363 722 1424 762 sic
1446 719 1510 762 af-

293 795 440 838 fectus·
470 796 521 838 ad
556 808 621 838 me
653 796 878 848 aliquando
912 796 1026 839 venit
1058 798 1212 838 lectum
1239 797 1512 849 scriptionem

297 874 521 926 quamdam
557 884 705 914 suam:
738 872 960 913 suadebam
985 872 1022 913 ei
1049 872 1256 914 medicum
1284 872 1508 924 adhibere,-

297 949 571 1004 promittebat
595 960 639 990 se
666 947 875 990 facturum
893 958 1123 991 :caeterum
1143 948 1204 991 nil
1224 947 1394 1000 periculi
1411 948 1513 989 sub-

297 1041 414 1071 esse:
449 1037 586 1069 tamen
627 1028 879 1069 studendum
914 1039 1031 1069 esse:
1065 1040 1141 1069 nec
1179 1027 1287 1069 enim
1312 1028 1403 1069 sine
1427 1037 1515 1068 stua-

298 1103 380 1145 diis
408 1103 533 1145 vitam
571 1104 736 1145 vitalem
774 1103 882 1147 fore.
943 1104 1152 1146 Discessit
1177 1106 1200 1146 a
1223 1116 1287 1145 me
1311 1105 1478 1146 domurn
1496 1134 1512 1156 ,

297 1179 376 1222 ubi
401 1179 605 1221 medicum
629 1180 794 1232 quidem
819 1180 1067 1223 arcessivit:
1094 1190 1133 1222 at
1153 1181 1237 1222 illo·
1254 1180 1387 1222 invito
1404 1201 1423 1232 ,⁴
1447 1193 1518 1222 so-

298 1255 415 1296 litam
456 1255 567 1296 vitae
598 1255 923 1307 studiorumque
954 1256 1161 1296 rationem
1188 1266 1395 1306 sequens,
1428 1266 1520 1307 gra²

299 1331 398 1372 vius
421 1339 660 1383 aegrotare,
693 1331 933 1384 sanguinem
962 1343 1187 1383 exspuere,
1220 1330 1520 1382 similibusque

303 1406 601 1449 affectionibus
644 1407 773 1458 premi
805 1438 820 1458 ,
877 1420 983 1458 quae
1028 1407 1107 1459 ipsi
1143 1419 1237 1449 sero
1275 1407 1519 1449 medicinam

300 1482 517 1536 quaerenti
559 1490 732 1521 mort-em
770 1483 1019 1524 attulerunt.
1079 1482 1271 1534 Reliquit
1296 1484 1405 1535 apud
1430 1496 1522 1524 om-

301 1571 407 1612 nes,
441 1559 513 1610 qui
548 1570 641 1598 eum
669 1565 848 1608 norant,
880 1555 993 1597 haud
1016 1557 1229 1609 vulgarem
1261 1569 1521 1610 moerorem,

304 1636 423 1689 quod
462 1636 503 1676 in
541 1633 765 1684 moribus,
808 1633 933 1673 vultu
958 1662 973 1683 ,
1016 1641 1055 1672 et
1099 1644 1314 1684 sermone,
1361 1633 1524 1676 decoris

302 1724 345 1756 et
379 1710 652 1754 humanitatis
695 1709 948 1764 singularem
997 1708 1216 1751 habuisset
1250 1708 1526 1763 significatio·

300 1802 414 1835 nem.

364 1867 422 1908 X.
462 1865 651 1907 Tandem
678 1877 758 1907 nos
780 1863 893 1905 tristi
917 1863 1190 1916 parentalium
1214 1863 1352 1906 officio
1376 1862 1527 1905 defun-

305 1952 402 1986 ctos
440 1941 739 1994 sperabamus,
769 1953 899 1992 quum
936 1952 1081 1981 rursus
1109 1941 1248 1981 eodem
1282 1951 1526 1980 revocamur

308 2018 430 2061 obitu
463 2018 667 2059 luctuoso
689 2016 785 2072 Jani
821 2017 928 2058 Petri
966 2030 1044 2058 van
1082 2016 1346 2067 Heukelom,
1390 2017 1529 2057 adole-

307 2095 467 2140 scentis
493 2094 779 2145 ornatissimi,
810 2093 1013 2146 discipuli
1046 2092 1180 2134 nostri
1220 2103 1316 2132 sane
1345 2090 1528 2143 probati.

305 2172 450 2216 Natus
471 2173 537 2213 hic
558 2171 713 2213 Leidae
725 2171 969 2223 parentibus
985 2168 1297 2210 honestissimis
1311 2197 1325 2218 ,
1342 2167 1407 2208 his
1429 2177 1530 2219 puer

311 2249 514 2299 orbatus,
556 2259 652 2288 cum
688 2247 816 2288 fratre
846 2246 1006 2287 minore
1038 2245 1207 2285 relictus
1242 2244 1396 2284 tutelae
1429 2253 1527 2293 pro-

307 2326 569 2379 pinquorum
586 2355 600 2375 ,
632 2324 898 2376 prudentium
925 2322 1109 2363 virorum
1126 2351 1140 2372 ‚
1165 2321 1215 2361 ab
1242 2320 1389 2361 horum
1415 2330 1530 2369 uno,

307 2401 367 2443 V.
404 2402 459 2443 R.
491 2413 571 2442 van
594 2399 775 2452 Geuns,
805 2400 996 2441 laudatae
1031 2397 1126 2439 viro
1150 2398 1364 2439 doctrinae
1398 2404 1438 2436 et
1469 2394 1532 2434 faa

308 2478 514 2529 cundiae,
545 2478 969 2529 'seleiobaptistarum
1004 2486 1105 2517 tunc
1128 2475 1241 2526 apud
1274 2473 1532 2520 Leidenscs‚

309 2568 426 2602 nunc
449 2555 560 2610 apud
588 2553 1035 2607 Amstclodamenses,
1066 2551 1357 2602 Ecclesiaste,
1389 2547 1437 2588 ad
1469 2559 1534 2587 me

1128 2619 1131 2621 Δ
1467 2623 1539 2665 de.
