1693 3110
346 153 453 200 DE
516 149 958 200 UN1TATE
1023 153 1192 201 DEI.
1289 163 1374 213 41⁷

167 284 266 322 nam
293 278 440 331 potius
465 289 551 321 uno
572 276 744 320 numine
762 277 1002 332 contineri,
1034 289 1158 331 quam
1183 289 1257 332 per
1276 278 1374 332 plu·

166 367 212 397 ra
241 366 334 398 esse
366 357 556 399 divisam.
611 355 742 410 Quod
787 358 953 409 quidem
990 367 1072 398 tam
1106 357 1156 398 de
1180 356 1376 398 Graeco·

166 445 293 485 rum,
326 445 449 486 quam
480 433 736 475 Phoenicum
772 442 814 473 et
837 433 1143 486 Aegyptiorum
1176 433 1380 486 sapienti-

165 506 247 550 bus
268 509 531 553 affirmamus.
580 508 679 550 Nisi
703 507 814 550 forte
832 518 1030 561 putemus
1045 539 1060 559 ,
1087 521 1160 550 eos
1181 520 1268 550 non
1286 517 1384 550 tan«

166 591 256 626 tum
281 585 468 627 valuisse
490 585 668 639 ingeniis
684 615 700 637 ,
732 594 933 636 quantum
957 585 1039 628 viri
1067 597 1117 626 ex
1149 585 1284 626 medio
1313 594 1382 625 ae-

164 669 222 700 vo
249 658 359 702 haud
381 661 534 713 pauci,
565 659 638 712 qui
660 671 820 702 errores
842 659 1036 711 publicae
1068 658 1283 713 religionis
1302 669 1377 700 au·

161 733 361 776 ctoritate
377 745 646 777 consecratos
672 744 900 789 agnoscere
926 744 1172 787 potuerunt.

226 809 318 861 Age
341 822 466 858 vero,
494 812 577 862 jam
604 811 712 853 illud
751 813 1024 853 ostendamus
1042 842 1057 863 ,
1081 807 1262 865 Judaeos
1284 817 1385 861 post

165 881 399 925 Alexandri
423 882 674 925 Macedonis
701 892 887 936 tempora
921 885 1096 928 Graecis
1128 886 1292 928 demum
1317 888 1384 927 in-

161 960 393 1011 notuisse,
424 968 465 1000 et
497 959 544 1001 in
569 960 839 1002 historiarum
867 961 1178 1014 monumentis,
1209 962 1384 1014 quaeil-

160 1037 251 1097 ,lam
288 1045 458 1078 aetatem
495 1039 772 1090 antecedunt,
812 1039 1000 1081 nominis
1034 1036 1190 1080 factive
1218 1037 1385 1091 Judaici

168 1123 223 1154 ne
252 1113 481 1165 vestigium
505 1112 672 1165 quidem
694 1124 867 1157 exstare.
927 1114 1059 1156 Multi
1090 1127 1141 1155 ex
1173 1112 1383 1163 Graecis,

168 1188 384 1242 principes
404 1188 596 1231 doctrina
619 1197 658 1230 et
681 1188 853 1242 ingenio
875 1190 982 1242 viri,
1003 1189 1188 1243 Thales,
1217 1189 1381 1239 Solon,

168 1263 464 1318 Pythagoras,
493 1264 795 1316 Democritus,
825 1265 972 1316 Plato,
1004 1265 1231 1318 sapientiae
1263 1262 1384 1306 ducti

175 1354 318 1384 amore
349 1342 605 1395 longinquas
637 1341 826 1384 adierunt
858 1343 1076 1395 regiones,
1107 1342 1382 1396 Aegyptum,

170 1418 473 1468 Phoeniciam‚
514 1417 810 1471 Babyloniam.
878 1418 997 1471 Quid
1038 1419 1168 1470 igitur
1209 1428 1384 1458 caussae

170 1503 264 1546 est,
295 1494 414 1545 quod
435 1493 477 1533 in
501 1502 645 1531 eorum
679 1491 745 1530 vel
776 1491 945 1542 scriptis
967 1492 1032 1531 vel
1065 1492 1166 1533 vitis
1187 1503 1233 1532 ac
1257 1493 1383 1533 rebus

168 1571 302 1625 gestis
329 1569 444 1611 nulla
477 1578 652 1618 prorsus
680 1565 931 1618 Judaeorum
956 1567 1027 1608 fiat
1051 1568 1243 1610 mentio?
1269 1567 1386 1609 Tha.

169 1647 295 1697 letis,
327 1643 500 1687 Solonis
529 1651 569 1683 et
606 1643 863 1696 Pythagorae
893 1654 1079 1695 tempora
1113 1644 1304 1685 incidunt
1336 1645 1383 1686 in

170 1723 230 1765 rei
254 1720 446 1775 publicae
471 1719 667 1774 Judaicae
693 1723 1035 1762 instaurationem
1064 1733 1111 1763 ex
1140 1722 1385 1773 captivitate

169 1797 447 1850 Babylonica.
509 1794 622 1836 Tum
649 1794 792 1847 Cyrus
815 1794 964 1848 Lydos
986 1805 1026 1836 et
1049 1794 1255 1838 Croesum
1280 1795 1384 1836 sub-

167 1884 332 1928 egeratz
366 1874 490 1926 cujus
515 1884 579 1913 res
612 1884 708 1913 cum
737 1872 860 1913 rebus
887 1871 1086 1914 Graeciae
1108 1885 1295 1926 magnam
1321 1872 1381 1914 si-

169 1964 222 1995 ne
244 1951 375 1993 dubio
397 1950 632 1991 habuerunt
655 1948 1030 2003 conjunctionem3
1065 1959 1114 1991 ut
1147 1950 1220 1992 vix
1251 1946 1384 1990 credi-

169 2027 255 2070 bile
291 2028 374 2079 sit,
404 2026 580 2068 Graecis
616 2023 728 2067 facta
761 2033 801 2066 et
831 2026 1116 2078 expeditiones
1153 2025 1256 2079 Cyri
1290 2023 1387 2066 reli-

176 2117 281 2159 quas
319 2104 487 2158 ignotas
516 2100 680 2152 fuisse,
712 2102 950 2154 praesertim
986 2101 1276 2153 sapientibus,
1310 2101 1387 2154 qui

174 2193 250 2235 per
279 2191 365 2221 eam
390 2179 515 2221 Asiae
537 2188 693 2232 partem
720 2177 1103 2231 peregrinabantur.
1153 2179 1315 2234 Quare,
1347 2178 1386 2220 si

177 2265 265 2297 tum
287 2255 537 2310 Judaeorum
568 2256 740 2308 aliquod
765 2267 946 2307 nomen,
980 2266 1051 2296 aut
1084 2250 1193 2298 fama
1230 2256 1392 2298 doctri-

175 2343 254 2375 nae
276 2330 428 2373 fuisset
454 2332 567 2384 apud
588 2331 690 2374 alias
715 2342 856 2386 gentes
874 2361 889 2384 ,
920 2343 1060 2374 nonne
1084 2333 1216 2376 Solon
1247 2343 1288 2374 et
1323 2345 1387 2375 re-

176 2407 317 2461 liqui,
360 2419 470 2459 quos
506 2407 814 2450 nominavimus
837 2437 853 2459 ,
895 2419 973 2460 pro
1017 2419 1068 2450 eo
1105 2420 1191 2460 quo
1224 2406 1390 2450 incensi

180 2490 299 2524 erant
329 2481 543 2523 doctrinae
575 2493 715 2526 amore
734 2511 751 2536 ,
785 2493 916 2535 quum
944 2483 1056 2537 apud
1078 2483 1317 2538 Aegyptios
1348 2489 1393 2523 et

233 2558 283 2607 V
276 2558 332 2606 ol.
361 2558 418 2606 ΙΙ.
823 2560 862 2604 D
876 2561 904 2604 d
1263 2557 1396 2602 Chal..
