<?xml version="1.0" encoding="UTF-8"?>
<!DOCTYPE html PUBLIC "-//W3C//DTD XHTML 1.0 Transitional//EN"
    "http://www.w3.org/TR/xhtml1/DTD/xhtml1-transitional.dtd">
<html xmlns="http://www.w3.org/1999/xhtml" xml:lang="en" lang="en">
 <head>
  <title>
</title>
<meta http-equiv="Content-Type" content="text/html;charset=utf-8" />
  <meta name='ocr-system' content='tesseract 3.04.00' />
  <meta name='ocr-capabilities' content='ocr_page ocr_carea ocr_par ocr_line ocrx_word'/>
</head>
<body>
  <div class='ocr_page' id='page_1' title='image "./opusculavariiarg02wytt_0456.png"; bbox 0 0 1693 3110; ppageno 0'>
   <div class='ocr_carea' id='block_1_1' title="bbox 302 115 1213 174">
    <p class='ocr_par' dir='ltr' id='par_1_1' title="bbox 302 115 1213 174">
     <span class='ocr_line' id='line_1_1' title="bbox 302 115 1213 174; baseline -0.002 -7"><span class='ocrx_word' id='word_1_1' title='bbox 302 127 405 174; x_wconf 63' lang='lat' dir='ltr'>u·-</span> <span class='ocrx_word' id='word_1_2' title='bbox 607 115 1213 165; x_wconf 71' lang='lat' dir='ltr'><strong>DISPUTATIO</strong></span> 
     </span>
    </p>
   </div>
   <div class='ocr_carea' id='block_1_2' title="bbox 281 239 1516 2497">
    <p class='ocr_par' dir='ltr' id='par_1_2' title="bbox 281 239 1516 2497">
     <span class='ocr_line' id='line_1_2' title="bbox 309 239 1516 298; baseline 0.005 -15"><span class='ocrx_word' id='word_1_3' title='bbox 309 250 379 283; x_wconf 82' lang='lat' dir='ltr'>res</span> <span class='ocrx_word' id='word_1_4' title='bbox 411 251 458 282; x_wconf 82' lang='lat' dir='ltr'>se</span> <span class='ocrx_word' id='word_1_5' title='bbox 488 239 714 284; x_wconf 83' lang='lat' dir='ltr'>induerunt</span> <span class='ocrx_word' id='word_1_6' title='bbox 758 241 1098 296; x_wconf 77' lang='lat' dir='ltr'><strong>inexplicabiles,</strong></span> <span class='ocrx_word' id='word_1_7' title='bbox 1147 256 1196 287; x_wconf 85' lang='lat' dir='ltr'>ex</span> <span class='ocrx_word' id='word_1_8' title='bbox 1234 242 1390 297; x_wconf 88' lang='lat' dir='ltr'>quibus</span> <span class='ocrx_word' id='word_1_9' title='bbox 1425 242 1516 298; x_wconf 54' lang='lat' dir='ltr'>ips}</span> 
     </span>
     <span class='ocr_line' id='line_1_3' title="bbox 306 317 1509 374; baseline 0.007 -16"><span class='ocrx_word' id='word_1_10' title='bbox 306 317 475 370; x_wconf 86' lang='lat' dir='ltr'>quidem</span> <span class='ocrx_word' id='word_1_11' title='bbox 513 328 560 359; x_wconf 89' lang='lat' dir='ltr'>se</span> <span class='ocrx_word' id='word_1_12' title='bbox 595 318 855 372; x_wconf 86' lang='lat' dir='ltr'>expedivisse</span> <span class='ocrx_word' id='word_1_13' title='bbox 889 319 971 361; x_wconf 89' lang='lat' dir='ltr'>sibi</span> <span class='ocrx_word' id='word_1_14' title='bbox 1008 320 1093 363; x_wconf 79' lang='lat' dir='ltr'>visi</span> <span class='ocrx_word' id='word_1_15' title='bbox 1128 331 1258 374; x_wconf 83' lang='lat' dir='ltr'>sunt,</span> <span class='ocrx_word' id='word_1_16' title='bbox 1300 322 1404 364; x_wconf 82' lang='lat' dir='ltr'>alios</span> <span class='ocrx_word' id='word_1_17' title='bbox 1438 335 1509 368; x_wconf 84' lang='lat' dir='ltr'>ex-</span> 
     </span>
     <span class='ocr_line' id='line_1_4' title="bbox 302 391 1510 447; baseline 0.002 -14"><span class='ocrx_word' id='word_1_18' title='bbox 302 391 447 446; x_wconf 77' lang='lat' dir='ltr'>pedire</span> <span class='ocrx_word' id='word_1_19' title='bbox 479 405 566 436; x_wconf 89' lang='lat' dir='ltr'>non</span> <span class='ocrx_word' id='word_1_20' title='bbox 602 401 858 447; x_wconf 77' lang='lat' dir='ltr'>potuerunt:</span> <span class='ocrx_word' id='word_1_21' title='bbox 893 393 938 436; x_wconf 88' lang='lat' dir='ltr'>in</span> <span class='ocrx_word' id='word_1_22' title='bbox 969 393 1215 447; x_wconf 87' lang='lat' dir='ltr'>Synthetica</span> <span class='ocrx_word' id='word_1_23' title='bbox 1249 408 1409 438; x_wconf 87' lang='lat' dir='ltr'>certum</span> <span class='ocrx_word' id='word_1_24' title='bbox 1445 408 1510 440; x_wconf 76' lang='lat' dir='ltr'>re.</span> 
     </span>
     <span class='ocr_line' id='line_1_5' title="bbox 299 467 1509 523; baseline 0.005 -15"><span class='ocrx_word' id='word_1_25' title='bbox 299 478 499 519; x_wconf 85' lang='lat' dir='ltr'>pererunt</span> <span class='ocrx_word' id='word_1_26' title='bbox 538 467 714 515; x_wconf 66' lang='lat' dir='ltr'>exitum,</span> <span class='ocrx_word' id='word_1_27' title='bbox 780 467 890 510; x_wconf 81' lang='lat' dir='ltr'>Nam</span> <span class='ocrx_word' id='word_1_28' title='bbox 929 471 1173 523; x_wconf 83' lang='lat' dir='ltr'>Analyticae</span> <span class='ocrx_word' id='word_1_29' title='bbox 1213 472 1311 515; x_wconf 84' lang='lat' dir='ltr'>haec</span> <span class='ocrx_word' id='word_1_30' title='bbox 1344 480 1410 514; x_wconf 90' lang='lat' dir='ltr'>est</span> <span class='ocrx_word' id='word_1_31' title='bbox 1443 485 1509 514; x_wconf 79' lang='lat' dir='ltr'>ra-</span> 
     </span>
     <span class='ocr_line' id='line_1_6' title="bbox 299 542 1509 600; baseline 0.004 -16"><span class='ocrx_word' id='word_1_32' title='bbox 299 542 393 594; x_wconf 82' lang='lat' dir='ltr'>tio,</span> <span class='ocrx_word' id='word_1_33' title='bbox 423 552 470 584; x_wconf 88' lang='lat' dir='ltr'>ut</span> <span class='ocrx_word' id='word_1_34' title='bbox 497 543 584 585; x_wconf 90' lang='lat' dir='ltr'>idea</span> <span class='ocrx_word' id='word_1_35' title='bbox 610 543 689 586; x_wconf 87' lang='lat' dir='ltr'>Dei</span> <span class='ocrx_word' id='word_1_36' title='bbox 725 544 770 586; x_wconf 88' lang='lat' dir='ltr'>in</span> <span class='ocrx_word' id='word_1_37' title='bbox 806 558 902 586; x_wconf 87' lang='lat' dir='ltr'>suas</span> <span class='ocrx_word' id='word_1_38' title='bbox 938 556 1074 600; x_wconf 87' lang='lat' dir='ltr'>partes</span> <span class='ocrx_word' id='word_1_39' title='bbox 1111 546 1413 600; x_wconf 86' lang='lat' dir='ltr'>distribuatur,</span> <span class='ocrx_word' id='word_1_40' title='bbox 1444 557 1509 590; x_wconf 76' lang='lat' dir='ltr'>at-</span> 
     </span>
     <span class='ocr_line' id='line_1_7' title="bbox 289 604 1503 677; baseline 0.008 -21"><span class='ocrx_word' id='word_1_41' title='bbox 289 628 374 668; x_wconf 87' lang='lat' dir='ltr'>que</span> <span class='ocrx_word' id='word_1_42' title='bbox 407 617 450 658; x_wconf 89' lang='lat' dir='ltr'>in</span> <span class='ocrx_word' id='word_1_43' title='bbox 480 616 547 658; x_wconf 90' lang='lat' dir='ltr'>his</span> <span class='ocrx_word' id='word_1_44' title='bbox 583 604 689 671; x_wconf 85' lang='lat' dir='ltr'>ipsis</span> <span class='ocrx_word' id='word_1_45' title='bbox 712 619 907 671; x_wconf 86' lang='lat' dir='ltr'>partibus</span> <span class='ocrx_word' id='word_1_46' title='bbox 939 622 1161 664; x_wconf 80' lang='lat' dir='ltr'>existentia</span> <span class='ocrx_word' id='word_1_47' title='bbox 1189 635 1360 677; x_wconf 88' lang='lat' dir='ltr'>quoque</span> <span class='ocrx_word' id='word_1_48' title='bbox 1381 636 1503 677; x_wconf 85' lang='lat' dir='ltr'>esse,</span> 
     </span>
     <span class='ocr_line' id='line_1_8' title="bbox 293 692 1506 753; baseline 0.007 -20"><span class='ocrx_word' id='word_1_49' title='bbox 293 692 563 734; x_wconf 76' lang='lat' dir='ltr'><strong>ostendatur:</strong></span> <span class='ocrx_word' id='word_1_50' title='bbox 594 704 669 734; x_wconf 86' lang='lat' dir='ltr'>seu</span> <span class='ocrx_word' id='word_1_51' title='bbox 694 704 745 736; x_wconf 86' lang='lat' dir='ltr'>ex</span> <span class='ocrx_word' id='word_1_52' title='bbox 778 707 827 736; x_wconf 89' lang='lat' dir='ltr'>eo</span> <span class='ocrx_word' id='word_1_53' title='bbox 850 695 966 747; x_wconf 78' lang='lat' dir='ltr'>quod</span> <span class='ocrx_word' id='word_1_54' title='bbox 990 696 1105 737; x_wconf 65' lang='lat' dir='ltr'>Deus</span> <span class='ocrx_word' id='word_1_55' title='bbox 1128 709 1208 738; x_wconf 78' lang='lat' dir='ltr'>esse</span> <span class='ocrx_word' id='word_1_56' title='bbox 1226 706 1389 753; x_wconf 77' lang='lat' dir='ltr'>potest,</span> <span class='ocrx_word' id='word_1_57' title='bbox 1421 697 1506 741; x_wconf 87' lang='lat' dir='ltr'>effi·</span> 
     </span>
     <span class='ocr_line' id='line_1_9' title="bbox 284 768 1503 829; baseline 0.005 -18"><span class='ocrx_word' id='word_1_58' title='bbox 284 768 512 821; x_wconf 86' lang='lat' dir='ltr'>ciendum,</span> <span class='ocrx_word' id='word_1_59' title='bbox 542 782 634 813; x_wconf 84' lang='lat' dir='ltr'>eum</span> <span class='ocrx_word' id='word_1_60' title='bbox 662 785 814 816; x_wconf 75' lang='lat' dir='ltr'>revera</span> <span class='ocrx_word' id='word_1_61' title='bbox 845 786 941 816; x_wconf 71' lang='lat' dir='ltr'>esse.</span> <span class='ocrx_word' id='word_1_62' title='bbox 1002 773 1052 816; x_wconf 90' lang='lat' dir='ltr'>In</span> <span class='ocrx_word' id='word_1_63' title='bbox 1083 774 1352 829; x_wconf 85' lang='lat' dir='ltr'>Syntheticae</span> <span class='ocrx_word' id='word_1_64' title='bbox 1387 776 1503 829; x_wconf 68' lang='lat' dir='ltr'>prin-</span> 
     </span>
     <span class='ocr_line' id='line_1_10' title="bbox 286 845 1508 903; baseline 0.005 -15"><span class='ocrx_word' id='word_1_65' title='bbox 286 845 404 898; x_wconf 87' lang='lat' dir='ltr'>cipio</span> <span class='ocrx_word' id='word_1_66' title='bbox 424 847 509 901; x_wconf 70' lang='lat' dir='ltr'>Jatn</span> <span class='ocrx_word' id='word_1_67' title='bbox 532 848 582 889; x_wconf 90' lang='lat' dir='ltr'>de</span> <span class='ocrx_word' id='word_1_68' title='bbox 603 847 788 901; x_wconf 85' lang='lat' dir='ltr'>ipsarum</span> <span class='ocrx_word' id='word_1_69' title='bbox 812 850 991 902; x_wconf 85' lang='lat' dir='ltr'>partium</span> <span class='ocrx_word' id='word_1_70' title='bbox 1018 853 1191 894; x_wconf 87' lang='lat' dir='ltr'>veritate</span> <span class='ocrx_word' id='word_1_71' title='bbox 1214 861 1408 903; x_wconf 84' lang='lat' dir='ltr'>constat,</span> <span class='ocrx_word' id='word_1_72' title='bbox 1432 865 1508 897; x_wconf 81' lang='lat' dir='ltr'>ne-</span> 
     </span>
     <span class='ocr_line' id='line_1_11' title="bbox 288 924 1504 978; baseline 0.005 -14"><span class='ocrx_word' id='word_1_73' title='bbox 288 936 374 976; x_wconf 88' lang='lat' dir='ltr'>que</span> <span class='ocrx_word' id='word_1_74' title='bbox 395 933 586 976; x_wconf 79' lang='lat' dir='ltr'>superest</span> <span class='ocrx_word' id='word_1_75' title='bbox 611 924 843 977; x_wconf 85' lang='lat' dir='ltr'>quidquam</span> <span class='ocrx_word' id='word_1_76' title='bbox 859 956 874 978; x_wconf 88' lang='lat'>,</span> <span class='ocrx_word' id='word_1_77' title='bbox 906 927 990 968; x_wconf 88' lang='lat' dir='ltr'>nisi</span> <span class='ocrx_word' id='word_1_78' title='bbox 1017 938 1064 968; x_wconf 90' lang='lat' dir='ltr'>ut</span> <span class='ocrx_word' id='word_1_79' title='bbox 1086 940 1153 968; x_wconf 86' lang='lat' dir='ltr'>eae</span> <span class='ocrx_word' id='word_1_80' title='bbox 1180 929 1222 969; x_wconf 89' lang='lat' dir='ltr'>in</span> <span class='ocrx_word' id='word_1_81' title='bbox 1250 941 1379 969; x_wconf 83' lang='lat' dir='ltr'>unum</span> <span class='ocrx_word' id='word_1_82' title='bbox 1401 927 1504 970; x_wconf 86' lang='lat' dir='ltr'>sub-</span> 
     </span>
     <span class='ocr_line' id='line_1_12' title="bbox 282 996 1503 1055; baseline 0.006 -17"><span class='ocrx_word' id='word_1_83' title='bbox 282 998 439 1052; x_wconf 79' lang='lat' dir='ltr'>jectum</span> <span class='ocrx_word' id='word_1_84' title='bbox 473 996 763 1048; x_wconf 70' lang='lat' dir='ltr'>conferantur.</span> <span class='ocrx_word' id='word_1_85' title='bbox 826 1000 957 1043; x_wconf 81' lang='lat' dir='ltr'>Porro</span> <span class='ocrx_word' id='word_1_86' title='bbox 991 1002 1034 1043; x_wconf 88' lang='lat' dir='ltr'>in</span> <span class='ocrx_word' id='word_1_87' title='bbox 1069 1003 1289 1055; x_wconf 71' lang='lat' dir='ltr'>Analytica</span> <span class='ocrx_word' id='word_1_88' title='bbox 1314 1003 1369 1044; x_wconf 87' lang='lat' dir='ltr'>ita</span> <span class='ocrx_word' id='word_1_89' title='bbox 1396 1004 1503 1045; x_wconf 84' lang='lat' dir='ltr'>ratio</span> 
     </span>
     <span class='ocr_line' id='line_1_13' title="bbox 284 1071 1503 1133; baseline 0.002 -18"><span class='ocrx_word' id='word_1_90' title='bbox 284 1071 557 1127; x_wconf 82' lang='lat' dir='ltr'><strong>instituitur,</strong></span> <span class='ocrx_word' id='word_1_91' title='bbox 587 1084 635 1116; x_wconf 91' lang='lat' dir='ltr'>ut</span> <span class='ocrx_word' id='word_1_92' title='bbox 658 1087 724 1117; x_wconf 87' lang='lat' dir='ltr'>res</span> <span class='ocrx_word' id='word_1_93' title='bbox 748 1088 797 1118; x_wconf 82' lang='lat' dir='ltr'>ex</span> <span class='ocrx_word' id='word_1_94' title='bbox 818 1089 864 1119; x_wconf 84' lang='lat' dir='ltr'>se</span> <span class='ocrx_word' id='word_1_95' title='bbox 887 1078 978 1130; x_wconf 86' lang='lat' dir='ltr'>ipsa</span> <span class='ocrx_word' id='word_1_96' title='bbox 1009 1079 1297 1133; x_wconf 64' lang='lat' dir='ltr'>intelligatur:</span> <span class='ocrx_word' id='word_1_97' title='bbox 1326 1080 1369 1121; x_wconf 87' lang='lat' dir='ltr'>in</span> <span class='ocrx_word' id='word_1_98' title='bbox 1393 1078 1503 1132; x_wconf 74' lang='lat' dir='ltr'>Syn..</span> 
     </span>
     <span class='ocr_line' id='line_1_14' title="bbox 284 1153 1497 1210; baseline 0.006 -17"><span class='ocrx_word' id='word_1_99' title='bbox 284 1153 442 1195; x_wconf 83' lang='lat' dir='ltr'>thetica</span> <span class='ocrx_word' id='word_1_100' title='bbox 463 1161 638 1206; x_wconf 82' lang='lat' dir='ltr'>contra,</span> <span class='ocrx_word' id='word_1_101' title='bbox 671 1164 716 1196; x_wconf 91' lang='lat' dir='ltr'>ut</span> <span class='ocrx_word' id='word_1_102' title='bbox 752 1167 801 1198; x_wconf 81' lang='lat' dir='ltr'>ex</span> <span class='ocrx_word' id='word_1_103' title='bbox 827 1156 916 1209; x_wconf 85' lang='lat' dir='ltr'>ejus</span> <span class='ocrx_word' id='word_1_104' title='bbox 945 1156 1165 1199; x_wconf 82' lang='lat' dir='ltr'>effectibus</span> <span class='ocrx_word' id='word_1_105' title='bbox 1194 1166 1497 1210; x_wconf 80' lang='lat' dir='ltr'>cognoscatur.</span> 
     </span>
     <span class='ocr_line' id='line_1_15' title="bbox 285 1228 1498 1286; baseline 0.001 -14"><span class='ocrx_word' id='word_1_106' title='bbox 285 1228 391 1273; x_wconf 90' lang='lat' dir='ltr'>Non</span> <span class='ocrx_word' id='word_1_107' title='bbox 414 1239 478 1272; x_wconf 87' lang='lat' dir='ltr'>est</span> <span class='ocrx_word' id='word_1_108' title='bbox 503 1231 616 1282; x_wconf 89' lang='lat' dir='ltr'>quod</span> <span class='ocrx_word' id='word_1_109' title='bbox 639 1230 761 1283; x_wconf 86' lang='lat' dir='ltr'>plura</span> <span class='ocrx_word' id='word_1_110' title='bbox 786 1232 835 1272; x_wconf 79' lang='lat' dir='ltr'>de</span> <span class='ocrx_word' id='word_1_111' title='bbox 863 1234 1084 1283; x_wconf 78' lang='lat' dir='ltr'>utriusque</span> <span class='ocrx_word' id='word_1_112' title='bbox 1106 1235 1197 1274; x_wconf 87' lang='lat' dir='ltr'>viae</span> <span class='ocrx_word' id='word_1_113' title='bbox 1227 1234 1498 1286; x_wconf 68' lang='lat' dir='ltr'>d2versitate,</span> 
     </span>
     <span class='ocr_line' id='line_1_16' title="bbox 285 1305 1495 1358; baseline 0.002 -10"><span class='ocrx_word' id='word_1_114' title='bbox 285 1307 332 1349; x_wconf 84' lang='lat' dir='ltr'>in</span> <span class='ocrx_word' id='word_1_115' title='bbox 368 1306 691 1352; x_wconf 81' lang='lat' dir='ltr'>demonstranda</span> <span class='ocrx_word' id='word_1_116' title='bbox 727 1305 945 1348; x_wconf 81' lang='lat' dir='ltr'>existentia</span> <span class='ocrx_word' id='word_1_117' title='bbox 978 1307 1088 1358; x_wconf 80' lang='lat' dir='ltr'>Dei,</span> <span class='ocrx_word' id='word_1_118' title='bbox 1132 1308 1332 1356; x_wconf 81' lang='lat' dir='ltr'>dicamus.</span> <span class='ocrx_word' id='word_1_119' title='bbox 1396 1309 1495 1357; x_wconf 71' lang='lat' dir='ltr'>Hoc,</span> 
     </span>
     <span class='ocr_line' id='line_1_17' title="bbox 291 1380 1506 1431; baseline 0.002 -10"><span class='ocrx_word' id='word_1_120' title='bbox 291 1390 424 1421; x_wconf 85' lang='lat' dir='ltr'>unum</span> <span class='ocrx_word' id='word_1_121' title='bbox 455 1380 655 1422; x_wconf 88' lang='lat' dir='ltr'>volumus</span> <span class='ocrx_word' id='word_1_122' title='bbox 674 1409 689 1431; x_wconf 89' lang='lat'>‚</span> <span class='ocrx_word' id='word_1_123' title='bbox 719 1380 839 1422; x_wconf 80' lang='lat' dir='ltr'>etiam</span> <span class='ocrx_word' id='word_1_124' title='bbox 868 1382 911 1422; x_wconf 90' lang='lat' dir='ltr'>in</span> <span class='ocrx_word' id='word_1_125' title='bbox 941 1382 1155 1424; x_wconf 82' lang='lat' dir='ltr'>attributis</span> <span class='ocrx_word' id='word_1_126' title='bbox 1178 1383 1346 1425; x_wconf 83' lang='lat' dir='ltr'>Divinis</span> <span class='ocrx_word' id='word_1_127' title='bbox 1370 1383 1506 1427; x_wconf 53' lang='lat' dir='ltr'>infor-1</span> 
     </span>
     <span class='ocr_line' id='line_1_18' title="bbox 290 1456 1504 1510; baseline 0.003 -13"><span class='ocrx_word' id='word_1_128' title='bbox 290 1456 453 1506; x_wconf 80' lang='lat' dir='ltr'>mandis</span> <span class='ocrx_word' id='word_1_129' title='bbox 480 1466 570 1503; x_wconf 85' lang='lat' dir='ltr'>non</span> <span class='ocrx_word' id='word_1_130' title='bbox 600 1467 721 1497; x_wconf 87' lang='lat' dir='ltr'>unam</span> <span class='ocrx_word' id='word_1_131' title='bbox 745 1467 839 1497; x_wconf 84' lang='lat' dir='ltr'>esse</span> <span class='ocrx_word' id='word_1_132' title='bbox 873 1457 1096 1510; x_wconf 87' lang='lat' dir='ltr'>utriusque</span> <span class='ocrx_word' id='word_1_133' title='bbox 1123 1459 1212 1498; x_wconf 86' lang='lat' dir='ltr'>viae</span> <span class='ocrx_word' id='word_1_134' title='bbox 1237 1459 1348 1501; x_wconf 89' lang='lat' dir='ltr'>vim:</span> <span class='ocrx_word' id='word_1_135' title='bbox 1384 1460 1504 1501; x_wconf 83' lang='lat' dir='ltr'>velu-</span> 
     </span>
     <span class='ocr_line' id='line_1_19' title="bbox 290 1531 1502 1588; baseline 0.007 -17"><span class='ocrx_word' id='word_1_136' title='bbox 290 1531 352 1585; x_wconf 76' lang='lat' dir='ltr'>ti,</span> <span class='ocrx_word' id='word_1_137' title='bbox 381 1543 430 1574; x_wconf 91' lang='lat' dir='ltr'>ut</span> <span class='ocrx_word' id='word_1_138' title='bbox 459 1531 539 1573; x_wconf 82' lang='lat' dir='ltr'>hoc</span> <span class='ocrx_word' id='word_1_139' title='bbox 566 1541 757 1584; x_wconf 85' lang='lat' dir='ltr'>utamur,</span> <span class='ocrx_word' id='word_1_140' title='bbox 791 1532 1088 1588; x_wconf 74' lang='lat' dir='ltr'>Intelligentia</span> <span class='ocrx_word' id='word_1_141' title='bbox 1111 1534 1275 1577; x_wconf 75' lang='lat' dir='ltr'>Divina</span> <span class='ocrx_word' id='word_1_142' title='bbox 1302 1548 1372 1588; x_wconf 89' lang='lat' dir='ltr'>per</span> <span class='ocrx_word' id='word_1_143' title='bbox 1390 1537 1502 1580; x_wconf 87' lang='lat' dir='ltr'>viam</span> 
     </span>
     <span class='ocr_line' id='line_1_20' title="bbox 293 1608 1509 1665; baseline 0.001 -12"><span class='ocrx_word' id='word_1_144' title='bbox 293 1609 560 1660; x_wconf 80' lang='lat' dir='ltr'>Analyticam</span> <span class='ocrx_word' id='word_1_145' title='bbox 594 1616 707 1649; x_wconf 84' lang='lat' dir='ltr'>tanta</span> <span class='ocrx_word' id='word_1_146' title='bbox 739 1608 1049 1661; x_wconf 80' lang='lat' dir='ltr'>constituitur,</span> <span class='ocrx_word' id='word_1_147' title='bbox 1104 1619 1151 1651; x_wconf 87' lang='lat' dir='ltr'>ut</span> <span class='ocrx_word' id='word_1_148' title='bbox 1184 1611 1316 1664; x_wconf 86' lang='lat' dir='ltr'>maJ&#39;or</span> <span class='ocrx_word' id='word_1_149' title='bbox 1348 1624 1421 1665; x_wconf 82' lang='lat' dir='ltr'>per</span> <span class='ocrx_word' id='word_1_150' title='bbox 1457 1624 1509 1659; x_wconf 63' lang='lat' dir='ltr'>so,</span> 
     </span>
     <span class='ocr_line' id='line_1_21' title="bbox 294 1682 1503 1740; baseline 0.007 -15"><span class='ocrx_word' id='word_1_151' title='bbox 294 1692 528 1737; x_wconf 82' lang='lat' dir='ltr'>repugnet,</span> <span class='ocrx_word' id='word_1_152' title='bbox 559 1695 694 1735; x_wconf 86' lang='lat' dir='ltr'>neque</span> <span class='ocrx_word' id='word_1_153' title='bbox 717 1682 893 1735; x_wconf 82' lang='lat' dir='ltr'>cogitari</span> <span class='ocrx_word' id='word_1_154' title='bbox 920 1685 1082 1737; x_wconf 83' lang='lat' dir='ltr'>possit:</span> <span class='ocrx_word' id='word_1_155' title='bbox 1118 1698 1191 1739; x_wconf 87' lang='lat' dir='ltr'>per</span> <span class='ocrx_word' id='word_1_156' title='bbox 1213 1685 1503 1740; x_wconf 77' lang='lat' dir='ltr'>Syntheticam</span> 
     </span>
     <span class='ocr_line' id='line_1_22' title="bbox 294 1760 1505 1815; baseline 0.002 -12"><span class='ocrx_word' id='word_1_157' title='bbox 294 1770 445 1803; x_wconf 82' lang='lat' dir='ltr'>contra</span> <span class='ocrx_word' id='word_1_158' title='bbox 475 1768 619 1811; x_wconf 79' lang='lat' dir='ltr'>tanta,</span> <span class='ocrx_word' id='word_1_159' title='bbox 654 1768 811 1812; x_wconf 85' lang='lat' dir='ltr'>quanta</span> <span class='ocrx_word' id='word_1_160' title='bbox 832 1760 966 1807; x_wconf 80' lang='lat' dir='ltr'>valere</span> <span class='ocrx_word' id='word_1_161' title='bbox 989 1761 1125 1803; x_wconf 86' lang='lat' dir='ltr'>Deum</span> <span class='ocrx_word' id='word_1_162' title='bbox 1156 1774 1325 1806; x_wconf 86' lang='lat' dir='ltr'>necesse</span> <span class='ocrx_word' id='word_1_163' title='bbox 1345 1773 1436 1815; x_wconf 79' lang='lat' dir='ltr'>est,</span> <span class='ocrx_word' id='word_1_164' title='bbox 1467 1764 1505 1811; x_wconf 80' lang='lat' dir='ltr'>si</span> 
     </span>
     <span class='ocr_line' id='line_1_23' title="bbox 292 1835 1505 1892; baseline 0.005 -16"><span class='ocrx_word' id='word_1_165' title='bbox 292 1836 462 1890; x_wconf 87' lang='lat' dir='ltr'>quidem</span> <span class='ocrx_word' id='word_1_166' title='bbox 492 1836 617 1887; x_wconf 78' lang='lat' dir='ltr'>hujtis</span> <span class='ocrx_word' id='word_1_167' title='bbox 641 1835 827 1879; x_wconf 84' lang='lat' dir='ltr'>universi</span> <span class='ocrx_word' id='word_1_168' title='bbox 851 1848 999 1881; x_wconf 84' lang='lat' dir='ltr'>auctor</span> <span class='ocrx_word' id='word_1_169' title='bbox 1022 1839 1093 1886; x_wconf 73' lang='lat' dir='ltr'>sit,</span> <span class='ocrx_word' id='word_1_170' title='bbox 1144 1840 1290 1892; x_wconf 87' lang='lat' dir='ltr'>Itaque</span> <span class='ocrx_word' id='word_1_171' title='bbox 1312 1841 1505 1882; x_wconf 64' lang='lat' dir='ltr'>ostende«</span> 
     </span>
     <span class='ocr_line' id='line_1_24' title="bbox 288 1910 1499 1964; baseline 0.002 -10"><span class='ocrx_word' id='word_1_172' title='bbox 288 1922 414 1964; x_wconf 81' lang='lat' dir='ltr'>mus,</span> <span class='ocrx_word' id='word_1_173' title='bbox 455 1910 619 1953; x_wconf 88' lang='lat' dir='ltr'>nullum</span> <span class='ocrx_word' id='word_1_174' title='bbox 654 1922 704 1952; x_wconf 87' lang='lat' dir='ltr'>ex</span> <span class='ocrx_word' id='word_1_175' title='bbox 743 1911 960 1956; x_wconf 79' lang='lat' dir='ltr'>attributis</span> <span class='ocrx_word' id='word_1_176' title='bbox 994 1913 1196 1964; x_wconf 82' lang='lat' dir='ltr'>Divinis,</span> <span class='ocrx_word' id='word_1_177' title='bbox 1239 1915 1329 1955; x_wconf 89' lang='lat' dir='ltr'>sive</span> <span class='ocrx_word' id='word_1_178' title='bbox 1365 1915 1499 1956; x_wconf 87' lang='lat' dir='ltr'>infor·</span> 
     </span>
     <span class='ocr_line' id='line_1_25' title="bbox 285 1985 1498 2039; baseline 0 -8"><span class='ocrx_word' id='word_1_179' title='bbox 285 1995 453 2031; x_wconf 74' lang='lat' dir='ltr'>utentur</span> <span class='ocrx_word' id='word_1_180' title='bbox 479 1985 702 2039; x_wconf 87' lang='lat' dir='ltr'>Analytice</span> <span class='ocrx_word' id='word_1_181' title='bbox 729 1986 820 2028; x_wconf 87' lang='lat' dir='ltr'>sive</span> <span class='ocrx_word' id='word_1_182' title='bbox 849 1986 1123 2039; x_wconf 84' lang='lat' dir='ltr'>Synthetice,</span> <span class='ocrx_word' id='word_1_183' title='bbox 1156 1995 1309 2030; x_wconf 87' lang='lat' dir='ltr'>tantam</span> <span class='ocrx_word' id='word_1_184' title='bbox 1346 1988 1498 2035; x_wconf 61' lang='lat' dir='ltr'>habere&gt;</span> 
     </span>
     <span class='ocr_line' id='line_1_26' title="bbox 285 2060 1501 2116; baseline 0.001 -13"><span class='ocrx_word' id='word_1_185' title='bbox 285 2060 403 2114; x_wconf 86' lang='lat' dir='ltr'>vim,</span> <span class='ocrx_word' id='word_1_186' title='bbox 433 2071 481 2104; x_wconf 91' lang='lat' dir='ltr'>ut</span> <span class='ocrx_word' id='word_1_187' title='bbox 508 2062 603 2104; x_wconf 85' lang='lat' dir='ltr'>inde</span> <span class='ocrx_word' id='word_1_188' title='bbox 634 2062 932 2112; x_wconf 82' lang='lat' dir='ltr'>Mathematica</span> <span class='ocrx_word' id='word_1_189' title='bbox 962 2064 1130 2116; x_wconf 86' lang='lat' dir='ltr'>quidem</span> <span class='ocrx_word' id='word_1_190' title='bbox 1164 2063 1411 2106; x_wconf 85' lang='lat' dir='ltr'>necessitate</span> <span class='ocrx_word' id='word_1_191' title='bbox 1440 2074 1501 2105; x_wconf 87' lang='lat' dir='ltr'>at-</span> 
     </span>
     <span class='ocr_line' id='line_1_27' title="bbox 287 2140 1501 2193; baseline 0.001 -13"><span class='ocrx_word' id='word_1_192' title='bbox 287 2150 372 2191; x_wconf 89' lang='lat' dir='ltr'>que</span> <span class='ocrx_word' id='word_1_193' title='bbox 393 2140 597 2185; x_wconf 82' lang='lat' dir='ltr'>evidentia</span> <span class='ocrx_word' id='word_1_194' title='bbox 621 2140 850 2191; x_wconf 77' lang='lat' dir='ltr'>efficiatur,</span> <span class='ocrx_word' id='word_1_195' title='bbox 881 2152 967 2187; x_wconf 87' lang='lat' dir='ltr'>non</span> <span class='ocrx_word' id='word_1_196' title='bbox 990 2152 1116 2193; x_wconf 87' lang='lat' dir='ltr'>posse</span> <span class='ocrx_word' id='word_1_197' title='bbox 1138 2140 1280 2191; x_wconf 85' lang='lat' dir='ltr'>plures</span> <span class='ocrx_word' id='word_1_198' title='bbox 1303 2151 1388 2186; x_wconf 85' lang='lat' dir='ltr'>uno</span> <span class='ocrx_word' id='word_1_199' title='bbox 1408 2151 1501 2182; x_wconf 75' lang='lat' dir='ltr'>esse</span> 
     </span>
     <span class='ocr_line' id='line_1_28' title="bbox 281 2215 1498 2268; baseline -0.004 -8"><span class='ocrx_word' id='word_1_200' title='bbox 281 2216 395 2260; x_wconf 88' lang='lat' dir='ltr'>Deo.</span> <span class='ocrx_word' id='word_1_201' title='bbox 454 2216 650 2258; x_wconf 85' lang='lat' dir='ltr'>Ceterum</span> <span class='ocrx_word' id='word_1_202' title='bbox 689 2219 779 2268; x_wconf 83' lang='lat' dir='ltr'>ipsa</span> <span class='ocrx_word' id='word_1_203' title='bbox 810 2216 964 2264; x_wconf 83' lang='lat' dir='ltr'>Divina</span> <span class='ocrx_word' id='word_1_204' title='bbox 996 2215 1213 2261; x_wconf 83' lang='lat' dir='ltr'>Attributa</span> <span class='ocrx_word' id='word_1_205' title='bbox 1239 2216 1303 2256; x_wconf 89' lang='lat' dir='ltr'>vel</span> <span class='ocrx_word' id='word_1_206' title='bbox 1328 2215 1498 2268; x_wconf 79' lang='lat' dir='ltr'>propria.</span> 
     </span>
     <span class='ocr_line' id='line_1_29' title="bbox 285 2287 1498 2343; baseline -0.002 -9"><span class='ocrx_word' id='word_1_207' title='bbox 285 2299 389 2334; x_wconf 79' lang='lat' dir='ltr'>sunt</span> <span class='ocrx_word' id='word_1_208' title='bbox 408 2299 446 2331; x_wconf 85' lang='lat' dir='ltr'>et</span> <span class='ocrx_word' id='word_1_209' title='bbox 474 2290 701 2343; x_wconf 80' lang='lat' dir='ltr'>peculiaria</span> <span class='ocrx_word' id='word_1_210' title='bbox 736 2290 917 2334; x_wconf 85' lang='lat' dir='ltr'>Divinae</span> <span class='ocrx_word' id='word_1_211' title='bbox 946 2300 1142 2341; x_wconf 84' lang='lat' dir='ltr'>naturae,</span> <span class='ocrx_word' id='word_1_212' title='bbox 1173 2287 1498 2342; x_wconf 81' lang='lat' dir='ltr'>eaque&#39;redeunt</span> 
     </span>
     <span class='ocr_line' id='line_1_30' title="bbox 284 2366 1497 2421; baseline -0.002 -10"><span class='ocrx_word' id='word_1_213' title='bbox 284 2370 338 2416; x_wconf 73' lang='lat' dir='ltr'>ad</span> <span class='ocrx_word' id='word_1_214' title='bbox 371 2368 669 2416; x_wconf 71' lang='lat' dir='ltr'>Necessariam</span> <span class='ocrx_word' id='word_1_215' title='bbox 708 2370 978 2413; x_wconf 75' lang='lat' dir='ltr'>existentiam</span> <span class='ocrx_word' id='word_1_216' title='bbox 1018 2377 1057 2408; x_wconf 90' lang='lat' dir='ltr'>et</span> <span class='ocrx_word' id='word_1_217' title='bbox 1092 2366 1350 2421; x_wconf 76' lang='lat' dir='ltr'>Infinitatem</span> <span class='ocrx_word' id='word_1_218' title='bbox 1373 2380 1390 2409; x_wconf 86' lang='lat'><em>:</em></span> <span class='ocrx_word' id='word_1_219' title='bbox 1429 2367 1497 2409; x_wconf 80' lang='lat' dir='ltr'>vel</span> 
     </span>
     <span class='ocr_line' id='line_1_31' title="bbox 289 2442 1500 2497; baseline -0.001 -11"><span class='ocrx_word' id='word_1_220' title='bbox 289 2445 529 2492; x_wconf 84' lang='lat' dir='ltr'>communia</span> <span class='ocrx_word' id='word_1_221' title='bbox 551 2445 588 2490; x_wconf 85' lang='lat' dir='ltr'>ei</span> <span class='ocrx_word' id='word_1_222' title='bbox 611 2454 713 2491; x_wconf 85' lang='lat' dir='ltr'>sunt</span> <span class='ocrx_word' id='word_1_223' title='bbox 738 2457 835 2496; x_wconf 86' lang='lat' dir='ltr'>cum</span> <span class='ocrx_word' id='word_1_224' title='bbox 857 2444 951 2493; x_wconf 77' lang='lat' dir='ltr'>aliis</span> <span class='ocrx_word' id='word_1_225' title='bbox 973 2443 1097 2492; x_wconf 74' lang='lat' dir='ltr'>rebus</span> <span class='ocrx_word' id='word_1_226' title='bbox 1119 2472 1137 2497; x_wconf 70' lang='lat'><em>2</em></span> <span class='ocrx_word' id='word_1_227' title='bbox 1165 2444 1297 2492; x_wconf 79' lang='lat' dir='ltr'>veluti</span> <span class='ocrx_word' id='word_1_228' title='bbox 1319 2442 1500 2485; x_wconf 67' lang='lat' dir='ltr'>possibi-</span> 
     </span>
    </p>
   </div>
   <div class='ocr_carea' id='block_1_3' title="bbox 1445 2512 1498 2560">
    <p class='ocr_par' dir='ltr' id='par_1_3' title="bbox 1445 2512 1498 2560">
     <span class='ocr_line' id='line_1_32' title="bbox 1445 2512 1498 2560; baseline 0 -15"><span class='ocrx_word' id='word_1_229' title='bbox 1445 2512 1498 2560; x_wconf 48' lang='grc' dir='ltr'>[ᾖ.</span> 
     </span>
    </p>
   </div>
  </div>
 </body>
</html>
