1693 3110
479 155 1151 214 PMARENTALIA„
1336 170 1439 231 3573

195 285 400 333 deductus
428 283 617 333 meisque
640 279 800 322 scholis
824 279 1143 322 commendatus
1162 286 1274 323 ·est.-
1312 281 1415 323 Fuit

200 360 306 406 idem
333 357 613 403 amicissimus
647 354 822 406 Haanii,
854 355 904 396 de
938 367 1024 407 quo
1048 355 1260 406 diximus,
1290 356 1413 400 soda-

198 435 281 487 lis,
315 446 410 475 cum
433 434 576 475 eodem
597 441 640 473 et
660 431 855 472 assiduus
882 429 926 472 in
952 431 1126 483 schola,
1152 441 1191 473 et
1214 431 1414 484 privatim

198 515 369 562 domum
406 513 457 555 ad
495 524 574 554 nos
614 509 824 553 ventitans
860 509 1107 551 consultum
1153 509 1204 551 de
1235 508 1424 561 studiis:

202 591 386 644 ejusdem
422 588 646 630 discidium
686 595 950 639 mortemque
987 584 1255 631 acerbissime
1293 585 1411 631 tulit.

198 667 346 717 ltaque
382 677 507 717 quam
547 664 608 710 illi
642 663 866 705 tribuimus
903 674 1067 704 morum
1116 662 1418 715 literarumque

198 740 390 791 laudem,
415 752 511 782 cum
542 738 623 781 hoc
648 737 1000 780 communicatam
1024 740 1239 780 volumus.
1298 738 1419 780 Bien-

202 817 352 866 nium,
397 815 514 866 quod
545 814 610 855 illi
653 823 866 866 superstes
904 813 1017 866 fuit,
1055 813 1420 868 Jurisprudentiae

206 901 370 942 operam
400 889 564 930 dederat
579 919 594 940 ,
618 900 749 939 quum
773 899 866 929 eum
890 888 1017 930 nobis
1036 888 1178 931 subita
1203 901 1316 931 mors
1340 890 1420 931 eri-

204 964 316 1017 puit.
373 963 457 1005 Est
488 963 557 1004 hic
593 963 706 1015 apud
741 972 980 1014 nostrates,
1024 971 1070 1014 ut
1105 964 1214 1005 alios
1248 975 1418 1018 septen-

204 1038 406 1085 trionales
431 1039 647 1091 populos,
681 1050 803 1091 mos,
840 1047 885 1080 ut
907 1038 1083 1082 hiberno
1119 1048 1307 1091 tempore
1335 1039 1424 1081 flu-

203 1115 285 1161 viis
321 1114 586 1167 lacubusque
626 1115 757 1169 glacie
792 1115 1068 1167 constrictis,
1100 1114 1247 1168 ingens
1283 1115 1425 1157 homi,

204 1202 332 1243 num,
365 1191 736 1245 certejuniorum,
769 1192 1027 1244 multitudo,
1059 1204 1108 1234 eo
1132 1192 1343 1233 confluat:
1372 1192 1417 1247 in

201 1268 348 1323 primis
385 1279 560 1318 eorum,
592 1269 666 1320 qui
701 1269 745 1309 in
779 1267 941 1310 ferratis
974 1268 1102 1312 soleis
1136 1281 1336 1322 currant,
1380 1279 1424 1312 et

203 1344 421 1386 inusitata
443 1344 668 1385 velocitate
704 1356 780 1397 per
818 1357 976 1397 aequor
1011 1346 1158 1399 glaciei
1194 1346 1318 1398 quasi
1345 1359 1422 1387 voq-

203 1420 317 1463 lent:
339 1419 419 1461 ‘alii
445 1421 578 1463 trahis
615 1420 845 1466 vehantur:
880 1420 961 1469 alii,
993 1421 1123 1470 aliud.
1144 1421 1314 1465 ludant:
1349 1421 1424 1468 alii

201 1496 418 1539 ambulent
448 1507 488 1538 et
522 1505 730 1548 spectent,
788 1496 846 1543 Et
881 1495 1058 1539 habetur
1084 1496 1164 1536 hoc
1200 1508 1331 1537 unum
1366 1507 1434 1542 ex.

204 1573 442 1627 praecipuis
475 1572 660 1614 hibernis
698 1572 1032 1613 oblectamentis.
1093 1570 1242 1623 Neque
1278 1582 1415 1614 tamen

207 1651 354 1691 mortis
380 1648 568 1701 periculo
597 1658 740 1699 caret3
775 1648 892 1700 quod
918 1646 1041 1688 multi
1077 1646 1165 1688 sint
1197 1648 1307 1699 loci,
1341 1649 1418 1691 ubi

210 1725 602 1768 oculiincautorum
627 1722 897 1774 fallipossint
921 1722 1062 1766 fraude
1082 1733 1121 1765 et
1140 1724 1308 1772 insidiis
1330 1728 1420 1779 gla-

206 1803 314 1853 ciei,
345 1802 411 1843 vel
437 1808 581 1853 ruptae
604 1808 644 1840 et
671 1808 860 1852 apertae,
893 1801 959 1846 vel
989 1800 1171 1845 tenuiter
1191 1802 1427 1852 adstrictae¹

203 1878 412 1924 nec'satis
442 1877 639 1928 duratae,
674 1877 740 1919 vel
773 1876 824 1918 ab
857 1877 980 1919 undis
1003 1890 1090 1920 non
1124 1890 1415 1932 sustentatae,

207 1956 366 2009 quippe
388 1954 705 1996 subsidentibus
732 1963 772 1994 et
805 1954 848 1995 in
874 1953 979 1996 alvei
1002 1952 1181 1997 fundum
1206 1958 1437 2010 vergenti-⁷

204 2032 305 2074 bus.
365 2030 461 2072 Hoc
486 2028 623 2072 fraudi
646 2029 727 2071 fuit
750 2041 898 2072 nostro
924 2030 1156 2084 discipulo.
1219 2033 1329 2078 Nam
1348 2036 1416 2077 die

203 2106 308 2155 solis
338 2108 480 2148 otioso
526 2119 557 2148 x
594 2105 838 2148 Decembris
881 2108 980 2151 anni
1017 2122 1250 2156 MDcccxv
1283 2115 1419 2167 pluri-

204 2180 286 2222 bus
323 2182 542 2225 hominum
579 2181 769 2227 millibus
805 2183 956 2230 Rheno
986 2184 1322 2242 insultantibus,
1354 2191 1432 2246 ipa

208 2269 252 2299 se
280 2269 450 2309 quoque
477 2271 574 2301 cum
602 2261 823 2305 nonnullis
850 2262 1068 2305 sodalibus
1102 2277 1150 2307 eo
1186 2278 1298 2309 venit
1322 2281 1421 2309 cur-

208 2349 351 2379 suruS.
411 2337 473 2378 Ibi
506 2348 596 2380 tum
632 2340 805 2393 longius
837 2343 1056 2394 provecti,
1087 2344 1231 2387 locum
1267 2360 1420 2400 susp&

207 2422 324 2454 ctum
362 2413 570 2456 celeritate
603 2417 822 2467 pervadere
855 2429 1086 2471 conantes,
1129 2421 1248 2463 ecce!
1293 2435 1419 2476 rupta

205 2489 285 2532 sub
310 2489 488 2543 palibus
511 2492 670 2546 glacie,
701 2493 747 2541 in
773 2495 906 2536 undas
928 2495 1120 2548 incidunt
1148 2499 1239 2553 ipse
1266 2510 1306 2542 et
1328 2501 1414 2548 duo

859 2569 896 2612 Z
926 2582 947 2630 3
1309 2560 1312 2561 ⁷
1355 2586 1433 2619 sos
