1693 3110
302 185 379 229 DE
410 180 925 227 IMMORTALITATE
955 183 1151 231 ANIMI.
1238 196 1320 241 593

108 309 306 363 apiciana
372 306 479 349 Nam
511 305 685 348 Animae
716 306 899 357 peccatis
935 321 984 350 ac
1021 307 1248 352 sceleribus
1278 308 1321 352 in
1343 310 1427 339 θεοῖ·
1450 305 1498 344 W.

111 388 189 429 hac
223 387 308 428 vitii
345 382 583 426 commissis
618 383 758 424 ulcera
793 393 832 424 et
860 384 1022 428 vibices
1047 386 1322 429 contrahunt.

119 462 283 505 ludices
313 489 328 512 ‚
372 458 587 512 perspecta
635 458 820 500 ulcerum
872 459 1069 513 ratione,
1107 460 1328 516 J'udicant,

118 549 257 581 utrum
298 536 382 577 sint
415 534 618 577 sanabiles
658 535 862 586 Animae,
893 547 968 577 nec
991 547 1058 579 ne.
1117 536 1332 579 Sanabiles

123 614 393 655 corritruntur
429 624 474 652 ac
496 619 726 663 purgantur
753 611 897 653 multis
924 613 1161 657 doloribus,
1220 613 1337 657 Insa-

122 687 282 732 nabiles
325 687 559 737 puniuntur
606 684 648 725 in
699 693 911 727 aeternum
952 687 1337 731 vehementissimis

121 763 409 812 cruciatibus,
453 761 608 814 quibus
647 761 760 813 ipsae
798 764 954 805 nullam
993 764 1218 807 utilitatem
1244 777 1339 818 per—

133 841 330 892 cipiunt,
375 839 440 878 sc?-
493 839 581 877 aliis
628 836 669 878 in
715 839 949 889 exemplum
995 837 1342 894 proponuntur-3³

183 917 244 956 Ex
276 915 515 955 Phaedone:
568 943 593 961 „
624 911 913 967 Unaquaeque
939 916 1093 960 Anima
1116 929 1237 960 suum
1273 918 1345 957 ha-

124 989 195 1030 bet
222 990 435 1030 ductorem
465 986 674 1028 Genium:
710 988 779 1029 hic
808 1001 892 1031 eam
920 1002 967 1032 ex
995 991 1186 1044 Corpore
1210 994 1350 1035 disce⁶

125 1066 285 1107 dentem
327 1065 442 1104 ducit
477 1064 526 1103 ad
568 1062 764 1116 lnferos3
800 1067 1050 1117 prudentem
1078 1068 1245 1120 quidem
1273 1082 1349 1110 vo-

128 1140 375 1189 luntariam,
409 1140 581 1180 stultam
619 1150 658 1180 et
685 1140 874 1193 Corpori
912 1143 1089 1185 deditam
1116 1154 1215 1186 vero
1240 1144 1354 1186 invio

127 1226 228 1258 tam.
292 1222 323 1255 Α
365 1213 514 1255 Geniis
552 1213 592 1255 in
627 1224 784 1255 certum
817 1215 956 1258 locum
999 1218 1261 1268 conductae.,
1291 1217 1355 1264 ibi

128 1292 384 1346 iudicantur.
471 1289 557 1343 Qui
612 1289 876 1332 mediocriter
915 1305 959 1333 se
1006 1293 1048 1334 in
1097 1294 1185 1337 vita
1217 1305 1361 1348 gesse-

131 1377 257 1417 runt,
297 1363 612 1406 malefactorum
654 1374 808 1416 poenas
858 1365 914 1412 ita
953 1367 1089 1419 dant,
1134 1373 1182 1409 u't
1228 1368 1361 1411 simul

130 1454 364 1497 purgentur
413 1452 457 1481 ac
496 1439 663 1481 sanitati
693 1440 1002 1493 restituantur,
1035 1441 1354 1485 benefactorum

138 1530 276 1562 autem
315 1518 493 1571 praemia
532 1517 767 1568 accipiunt.
829 1515 918 1570 Qui
951 1518 1105 1571 majora
1138 1520 1211 1561 sed
1235 1532 1356 1562 sana-

133 1596 234 1637 bilia
268 1606 403 1635 tamen
450 1602 618 1646 peccata
656 1591 974 1646 commiserint,
1006 1596 1137 1636 veluti
1178 1597 1358 1639 homici-

137 1671 212 1713 dae
247 1679 286 1710 et
327 1678 546 1722 parentum
585 1668 842 1719 violatores,
887 1670 1151 1722 gravioribus
1191 1673 1361 1725 suppli-

134 1748 214 1789 ciis
248 1756 476 1789 vexantur:
522 1757 544 1786 a
597 1742 755 1797 quibus
795 1757 881 1786 non
930 1756 1049 1790 antea
1102 1748 1360 1801 liberantur,

139 1833 262 1876 quam
290 1822 372 1872 iis,
405 1831 514 1872 quos
541 1818 697 1873 injuria
734 1817 976 1871 affecerint,
1007 1819 1290 1864 satisfecerint
1312 1835 1360 1865 ac

137 1898 432 1953 persuaserint.
493 1894 581 1950 Qui
618 1906 718 1936 vero
770 1895 1020 1939 insanabilia
1063 1900 1361 1953 peccaverint,

142 1974 289 2016 multis
316 1982 355 2013 et
383 1972 551 2026 inJ'ustis
590 1970 788 2013 caedibus
823 1974 1066 2025 patrandis,
1097 1974 1139 2015 hi
1178 1975 1222 2016 in
1255 1973 1363 2017 Tar«

145 2059 281 2092 tarum
307 2048 625 2102 conjiciuntur,
658 2058 706 2087 ex
731 2057 820 2098 quo
851 2058 1080 2100 numquam
1119 2047 1368 2091 liberantur.

147 2122 341 2175 Denique
394 2123 461 2175 ii,
503 2122 577 2175 qui
629 2130 772 2163 sancte
837 2120 1028 2164 vixerunt
1053 2152 1068 2175 ‚
1105 2124 1281 2166 veniunt
1326 2124 1371 2166 in

154 2201 374 2242 coelestem
424 2199 672 2254 regionemz
715 2208 756 2240 et
803 2197 847 2241 in
884 2201 1029 2251 primis
1066 2201 1130 2254 ii,
1169 2203 1243 2255 qui
1278 2215 1372 2246 vere

154 2276 444 2331 philosophati
481 2285 612 2327 sunt,
643 2287 807 2329 semper
850 2274 908 2317 ibi
941 2277 1152 2330 habitant,
1181 2290 1257 2321 nec
1284 2290 1375 2320 um·

1343 351 1449 383 Pla-tea

155 2362 278 2403 quam
316 2351 359 2391 in
384 2349 575 2403 Corpora
607 2351 795 2391 reieunt.
853 2350 1054 2393 Ceterum
1090 2351 1188 2393 haec
1232 2351 1375 2393 beato·
1435 2396 1438 2398 ,

153 2440 244 2469 rum
272 2426 471 2467 habitatio
492 2438 553 2468 est
576 2427 741 2480 quidem
768 2428 810 2469 in
840 2426 931 2479 ipsa
962 2426 1038 2468 hac
1065 2429 1202 2478 terra,
1234 2429 1305 2469 sed
1328 2426 1373 2468 in

153 2502 328 2545 sublimi
355 2514 401 2543 ac
423 2504 596 2547 coelesti
633 2504 747 2547 loco.
806 2503 916 2544 Nam
952 2505 1067 2558 quod
1104 2504 1232 2547 nobis
1267 2513 1374 2554 aqua

155 2608 163 2610 ψ
214 2577 311 2622 Vol.
345 2576 401 2623 n.
811 2579 886 2634 Pp
1276 2587 1376 2634 est„
