1693 3110
233 183 317 237 238
617 168 1075 217 MEMORIA

238 304 466 348 nandarum
484 329 498 349 ‚
513 299 652 349 legum
675 294 930 336 ferendarum
948 325 961 346 ‚
976 295 1082 349 juris
1106 294 1269 348 pubiici
1290 305 1330 338 et
1353 302 1455 351 gen-

236 381 373 429 tium,
414 374 660 428 prudentiae
705 373 865 416 civilis.
934 371 1084 414 Forma
1121 383 1161 415 et
1197 374 1304 416 ratio
1337 373 1453 429 fuit,-

240 456 378 509 qualis
403 453 426 495 ὲ
449 451 574 494 nobis
597 451 800 492 declarata
825 459 888 492 est
913 450 956 491 in
971 450 1161 492 Censura
1186 450 1453 504 Scriptorum

239 532 290 571 de
330 529 455 570 rebus
498 526 755 578 Alexandri,
799 525 1090 568 Bibliothecae
1122 527 1308 570 Criticae
1338 526 1465 570 Parte‘

239 607 300 650 XI
318 637 333 658 ‚
365 618 411 659 p.
441 617 518 660 142
535 631 549 654 a
583 603 656 644 ubi
680 602 740 643 sic
766 601 974 646 diximus:
1042 627 1074 654 „A
1099 601 1195 644 Nos
1222 614 1267 644 ut
1288 603 1332 645 in
1358 604 1455 656 qui-

239 685 415 726 busdam
440 682 548 724 locis
572 681 621 721 ab
648 688 818 721 auctore
840 678 1145 729 dissentimus,
1177 679 1233 721 ita
1263 681 1459 722 universe

239 772 334 800 eum
380 768 527 800 omnes
572 753 766 795 historici
813 752 994 794 muneris
1040 763 1177 804 partes
1222 755 1458 804 explevisse

237 834 490 889 jtidicamus.
560 828 671 870 Nam
707 839 748 869 et
780 828 972 869 materiae
1003 828 1204 870 collectae
1236 837 1350 871 tanta
1395 839 1463 873 est

239 911 395 962 copia,
435 918 483 950 ut
518 907 665 949 nuilus
696 905 931 947 accessioni
963 906 1133 947 relictus
1170 905 1360 948 videatur
1395 910 1462 951 lo·

239 1002 349 1039 cus7
389 994 429 1028 et
458 985 578 1037 quasi
606 984 828 1035 thesaurus
867 982 923 1024 sit
965 983 1165 1025 historiae
1209 985 1458 1027 Alexandriz'

239 1067 386 1108 nullus
412 1063 484 1115 qui
508 1062 558 1103 ad
575 1072 663 1102 eam
686 1059 891 1112 pertineat
915 1059 1045 1101 homo
1061 1088 1076 1111 ,
1101 1056 1222 1102 locus
1239 1091 1252 1112 ‚
1285 1062 1454 1104 nullum

240 1140 430 1191 factum,
466 1149 606 1191 opus,
641 1148 837 1188 tempus,
870 1138 986 1177 nulla
1018 1149 1082 1179 res
1112 1148 1151 1178 et
1174 1137 1316 1190 actio,
1347 1140 1464 1184 nulla

243 1219 497 1271 cujusquam
523 1214 746 1266 scriptoris
770 1214 927 1255 mentio
943 1214 1220 1256 desideretur:
1242 1217 1314 1257 sed
1326 1217 1463 1259 omni-

243 1299 325 1336 bus
354 1293 475 1335 etiam
499 1289 782 1343 scriptoribus
806 1290 1129 1342 percensendis,
1160 1293 1346 1334 omnium
1375 1305 1464 1334 sae·-

244 1373 440 1412 cuiorum
464 1379 504 1409 et
531 1377 709 1409 aetatum
736 1367 915 1407 virtutes
941 1367 1127 1418 vitiaque
1151 1374 1366 1434 notentur.
1404 1369 1463 1411 Et

242 1445 455 1486 nuteriam
490 1442 612 1495 quasi
646 1444 825 1497 spiritus
855 1444 971 1482 intus
1006 1442 1115 1495 alit,
1146 1453 1271 1496 atque
1308 1444 1466 1487 animat

240 1521 571 1571 distributione,
601 1517 793 1572 judicio,
826 1517 1013 1569 ratione,
1045 1531 1174 1561 sensu
1208 1521 1467 1574 magnitudi-

239 1599 310 1641 nis
335 1595 660 1647 ethonestatis,
697 1606 742 1635 ac
783 1594 986 1648 reiigione
1022 1596 1334 1650 reverentiaque
1370 1611 1464 1640 mu-

242 1675 355 1717 neris
389 1673 606 1715 historici:
650 1672 888 1724 horumque
920 1671 1204 1724 cogitatorum
1241 1675 1392 1715 diserta
1423 1686 1466 1718 et

243 1754 362 1809 gravi
389 1750 681 1794 declaratione.
775 1749 906 1805 Quod
938 1748 979 1790 in
1007 1750 1257 1801 quibusdam
1281 1751 1388 1793 locis
1411 1753 1463 1795 ab

242 1840 414 1873 auctore
433 1827 654 1869 dissentire
671 1839 751 1867 nos
778 1825 962 1867 diximus
978 1853 993 1875 ‚
1015 1823 1270 1866 referebatur
1284 1827 1334 1868 ad
1359 1827 1464 1868 hanc

241 1907 492 1949 editionem:
528 1904 570 1944 in
598 1916 678 1955 qua
703 1900 947 1954 frequenter
974 1901 1114 1942 iaudat
1138 1900 1257 1942 effata
1284 1901 1468 1943 Bossue·

243 1982 326 2033 tii,
357 1983 406 2023 de
440 1979 632 2021 Historia
661 1977 866 2019 rhetorice
895 1977 1027 2030 magis
1056 1990 1179 2029 quam
1212 1978 1356 2020 critice
1379 1979 1465 2020 dis-

240 2056 449 2108 serentis,
477 2064 516 2096 et
536 2053 742 2108 J‘udicium
772 2052 974 2106 religione
1000 2053 1283 2106 occupantis:
1316 2062 1356 2095 et
1378 2065 1464 2094 ma-

242 2136 403 2192 iorem,
438 2144 563 2184 quani
588 2139 705 2172 antea
727 2130 894 2174 Canoni
929 2128 1139 2172 Hebraico
1172 2130 1467 2173 auctoritatem

244 2209 591 2261 chronologicam
620 2207 798 2248 tribuit:
831 2206 873 2247 in
907 2217 993 2258 quo
1019 2206 1114 2246 item
1142 2204 1399 2246 Larcherum
1428 2213 1469 2246 et

246 2285 543 2326 Villoisonum
566 2295 639 2336 per
655 2281 821 2324 civilem
846 2283 957 2323 illam
985 2282 1303 2323 conversionem
1330 2293 1470 2324 muta-

244 2362 620 2414 toscoguoviniuS.
656 2359 890 2401 Villoisoni
915 2359 1078 2401 obitum
1101 2359 1311 2402 continuo
1325 2359 1469 2400 dolen-

225 2451 307 2482 .ter
330 2447 597 2488 amanterque
622 2436 725 2477 mihi
750 2435 998 2489 perscripsit
1025 2449 1135 2478 anno
1161 2433 1466 2485 MDCCCN,

244 2522 295 2563 de
331 2531 482 2562 caussa
518 2516 656 2559 morbi
697 2517 926 2571 prudenter
973 2526 1013 2559 et
1064 2516 1226 2558 utiliter
1272 2513 1463 2557 monuit:

1369 2600 1469 2631 mox

687 1747 718 1766 29
