1693 3110
463 150 802 198 PHAEDONIS
833 151 1176 199 PLATONICI.
1380 151 1445 210 87³

216 271 502 321 Bibliothecae
525 275 711 319 Criticae
723 275 898 329 scriptio
913 276 1132 330 Intercepit
1147 289 1159 318 z
1176 286 1266 319 tum
1289 276 1435 329 prodi·

216 362 257 395 ta
282 353 340 394 ibi
367 351 469 394 Vol.
493 351 581 404 111,
620 351 667 393 P.
692 349 780 402 111,
801 364 846 403 p.
871 364 974 403 175,
1005 352 1261 405 exspectatio
1289 352 1431 394 subsi-

211 428 375 470 diorum
395 429 417 469 a
434 427 537 468 viris
560 427 697 469 doctis
712 426 1100 478 impertiendorum.
1127 429 1268 484 Cujus
1282 440 1428 480 exspe-

209 504 410 547 ctationis
425 503 498 558 qui
511 501 639 544 fuerit
651 510 826 544 eventus
843 533 858 555 ‚
876 503 975 555 quia
999 504 1099 546 haec
1119 506 1305 548 scribens
1318 517 1428 547 non-

211 582 311 624 dum
334 581 541 631 sciebam,
568 590 698 630 quum
712 579 850 621 sciero
875 579 1006 621 dicam
1031 579 1073 621 in
1095 581 1266 622 exordio
1292 593 1424 624 anno·

207 655 404 700 tationis:
436 655 511 698 ubi
534 656 661 697 simul
686 669 794 698 meas
811 686 827 707 ‚
851 669 954 709 quas
982 656 1071 709 ipse
1094 656 1242 707 attuli,
1275 659 1422 711 copias

205 733 442 776 declarabo.
476 732 604 775 Nunc
621 732 690 774 illa
702 732 962 786 exspectatio
986 745 1038 775 ne
1062 745 1141 774 nos
1156 732 1317 775 diutius
1333 746 1422 775 mo-

204 814 392 863 raretur,
421 809 723 864 praefationem
760 820 799 853 et
831 811 1012 864 reliquas
1049 810 1246 853 editionis
1280 822 1419 864 partes

203 888 341 929 eadem
359 916 375 938 ‚
407 899 489 939 qua
511 887 716 930 Graecum
746 896 1020 937 contextum,
1054 886 1325 928 festinatione
1349 886 1424 927 ab·

203 964 369 1005 solvere
394 961 596 1005 institui.·
643 963 786 1016 Atque
823 964 906 1004 huc
935 962 1117 1016 pertinet
1142 963 1279 1014 illud,
1309 960 1427 1015 quod

198 1038 327 1081 initio
353 1038 472 1089 dixi,
497 1038 719 1080 editionem
747 1040 852 1080 hanc
878 1037 994 1081 brevi
1028 1051 1154 1092 opere
1182 1038 1424 1081 confectam

201 1122 309 1161 esse.
368 1118 480 1160 Nam
509 1118 772 1160 intervailum
802 1125 900 1158 utut
926 1118 1099 1171 longum
1132 1116 1288 1169 fuerit,
1319 1128 1424 1159 tem·

198 1206 283 1248 pus
315 1202 449 1236 tamen
473 1194 613 1245 operis
636 1192 831 1245 exiguum
858 1191 959 1236 fuit.

255 1268 385 1323 Quod
409 1280 508 1310 vero
530 1268 793 1310 Phaedonem
826 1267 1006 1311 maxime
1031 1267 1194 1320 sumsi,
1225 1267 1326 1310 haec
1353 1281 1417 1311 ra-

197 1344 260 1387 tio
283 1344 387 1387 fuit.
445 1342 706 1398 Quaerebam
729 1355 861 1386 unum
877 1343 1089 1396 dialogum
1107 1355 1227 1395 eum,
1252 1356 1302 1385 ex
1325 1357 1414 1396 quo

196 1420 421 1475 potissime
450 1420 571 1462 Plato
602 1427 960 1472 cognosceretur,
1001 1427 1111 1460 certe
1138 1418 1182 1460 in
1214 1419 1442 1461 omnibus·

195 1494 462 1549 eloquentiae
495 1493 759 1544 virtutibus,
800 1493 1128 1546 perspicuitate,
1175 1494 1413 1546 suavitate,

196 1576 423 1630 gravitate:
456 1575 580 1629 quus
607 1582 897 1626 argumentum
928 1582 967 1614 et
993 1583 1234 1625 momento,
1268 1585 1307 1616 et
1333 1588 1418 1617 ma·-

194 1651 301 1693 teria
317 1679 333 1700 ,
358 1658 398 1690 et
423 1648 607 1699 ratione,
628 1647 881 1689 discentium
904 1647 1068 1691 fructui
1085 1649 1316 1701 captuique
1331 1663 1418 1692 ma-

193 1727 307 1771 xime
339 1724 609 1769 conveniret:
643 1725 717 1776 qui
753 1723 936 1776 denique
969 1737 1241 1777 personarum
1278 1728 1414 1769 actio·

187 1803 342 1855 nisque
365 1802 561 1843 varietate
590 1811 638 1840 ac
663 1798 973 1851 dispositione,
1003 1807 1218 1851 tamquam
1251 1801 1414 1843 drama-

188 1881 246 1922 tis
273 1877 640 1922 verisimilitudine
657 1907 671 1928 ,
697 1874 742 1917 in
763 1875 859 1928 ipso
885 1875 1147 1930 dialogorum
1174 1889 1320 1930 genere
1343 1890 1413 1920 ex-

187 1955 373 2001 celleret,
424 1954 514 2008 Jam
540 1953 614 2005 qui
636 1965 781 1994 omnes
807 1953 880 1996 has
905 1953 1025 1995 dotes
1048 1952 1267 2007 afferrent,
1300 1968 1410 2008 quo„

187 2035 368 2083 rumque
393 2030 494 2073 adeo
516 2030 561 2070 in
589 2029 668 2071 hoc
699 2029 864 2069 delectu
897 2029 1099 2071 rationem
1135 2031 1283 2073 habere
1306 2045 1409 2083 pos-

188 2118 277 2150 sem
293 2137 309 2157 ‚
331 2107 417 2149 duo
442 2114 556 2147 erant
571 2136 586 2157 ,
609 2104 872 2146 Convivium
896 2115 936 2146 et
958 2106 1181 2149 Phaedon:
1206 2109 1314 2150 illud
1337 2121 1410 2150 co-

188 2183 397 2235 moediae,
430 2181 497 2224 hic
530 2181 762 2235 tragoediae
785 2180 1016 2224 finitimus:
1055 2196 1235 2235 quorum
1266 2197 1407 2230 utrum

189 2273 395 2305 sumerem
419 2292 434 2313 ,
467 2261 587 2314 optio
618 2259 799 2302 difficilis
836 2270 932 2303 erat.
994 2261 1136 2313 Nam,
1170 2272 1215 2304 ut
1251 2275 1414 2307 caetera,

189 2336 334 2392 paria,
364 2346 436 2378 aut
458 2349 544 2379 non
574 2338 754 2379 multum
787 2336 982 2389 diversa,
1016 2350 1179 2393 essent;
1214 2341 1408 2385 Phaedon

189 2414 385 2456 movebat
409 2414 610 2465 gravitate
637 2423 677 2455 et
697 2413 875 2457 affectu:
911 2415 1171 2458 Convivium
1196 2417 1410 2461 alliciebat

194 2486 429 2542 facilitate,
461 2486 719 2544 festivitate,
759 2499 799 2531 et
831 2487 931 2531 'vero
967 2491 1205 2546 subsidiis,
1250 2492 1410 2548 quibus

839 2565 872 2613 F
900 2577 929 2621 4
1323 2567 1411 2614 edio
