1693 3110
247 154 283 198 ὓ
627 156 1110 203 EPISTOLA

221 302 224 305 ·
257 278 313 322 lis
343 280 504 322 solutae
534 278 668 320 vitae:
702 286 851 329 atque,
883 286 930 319 ut
961 290 1055 320 cum
1082 280 1178 333 ipso
1199 283 1375 326 Platone
1391 287 1459 324 loz.

251 367 384 408 quar,
416 354 636 409 (Phaedro
665 366 712 406 Ρ.
743 355 837 408 346.
868 355 964 409 D.)
995 361 1129 401 ταῦτα
1159 361 1232 411 μὲν
1259 360 1320 405 οὖν
1353 361 1456 412 {avii-³

247 450 306 488 μῃ
336 433 555 486 κεχαρίσθαι
575 431 625 474 δι’
649 429 694 480 ἣν
719 432 821 487 πόθῳ
841 437 918 476 τῶν
942 435 1032 478 τότε
1051 437 1272 491 μακρότεροι
1294 438 1456 490 εἴρηται.

244 507 404 552 Interea
430 508 527 549 dum
553 507 596 548 in
625 507 699 547 hac
727 508 812 550 vita
837 521 1011 561 sumus,
1046 511 1173 564 hujus
1201 512 1306 553 vitae
1325 511 1460 557 officia

242 597 297 628 ne
321 583 594 639 negligamus.
667 582 809 636 ,Quam
842 587 1014 639 quisque
1048 589 1163 627 norit
1195 597 1364 637 artem,
1407 588 1457 634 ira

238 660 321 702 hac
342 671 384 700 se
406 666 628 708 exerceat,
661 667 708 704 ut
733 666 797 699 est
836 659 879 699 in
909 657 1166 700 Graecorum
1200 658 1453 712 proverbio:

239 747 313 789 per
345 745 518 786 eamque
540 733 632 777 aliis
657 733 852 785 prodesse
880 734 1059 783 studeat.
1107 733 1193 789 Qui
1223 735 1265 774 in
1286 733 1459 774 Platone

240 812 342 864 plus
367 810 459 850 aliis
490 810 631 861 videt,
663 811 714 851 ad
739 810 865 864 hujus
904 809 1217 863 intelligentiam
1254 810 1459 851 studiosis

235 885 405 937 prosit:
436 893 477 925 et
498 881 693 936 profecto
716 885 923 938 egregium
952 885 1061 925 vitae
1084 896 1237 933 munus
1263 896 1458 937 suscepe-

235 960 307 1003 rit.
367 959 463 1000 Hoc
490 968 610 1002 tuum
634 967 696 1002 est
713 989 729 1010 s
760 960 817 1000 mi
839 959 1021 1004 Heusde.

295 1037 507 1089 Equidem
532 1038 625 1089 ipse
659 1037 900 1078 adolescens
934 1040 1121 1093 δαιμονίῳ
1157 1039 1232 1081 illo
1265 1038 1458 1081 Platonis

241 1129 383 1159 amore
413 1116 644 1167 incensus,
684 1127 777 1157 eum
814 1116 1039 1168 aliquando
1079 1118 1195 1158 edere
1229 1118 1464 1164 constitue-

244 1193 370 1234 bam:
403 1202 500 1232 mox
521 1189 737 1244 julianum
757 1219 772 1241 9
803 1190 1057 1242 Synesium,
1091 1190 1271 1243 denique
1303 1190 1467 1237 Plutat.

242 1271 375 1311 chum
402 1267 543 1309 eodem
571 1277 709 1307 amore
733 1275 772 1306 et
794 1266 939 1307 edendi
964 1268 1191 1319 proposito
1209 1267 1467 1318 complecte-

248 1344 349 1386 bar:
383 1354 458 1384 nec
489 1341 731 1383 dubitabam
766 1343 869 1393 quin
905 1341 1088 1383 studium
1116 1354 1252 1384 meum
1275 1342 1468 1394 vitaeque

249 1418 435 1473 spatium
471 1419 538 1460 vel
565 1428 745 1470 quatuor
769 1415 935 1458 edendis
961 1417 1026 1457 his
1067 1416 1344 1468 scriptoribus
1374 1413 1469 1457 suf-

250 1498 460 1541 fecturum
482 1508 607 1542 esset.
667 1496 778 1538 Veni
798 1496 944 1539 deinde
965 1497 1015 1538 ad
1034 1494 1332 1538 Ruhnkenium
1347 1528 1358 1547 ‚
1392 1495 1469 1547 qui

253 1589 318 1620 mc
341 1590 362 1618 a
388 1575 559 1626 reliquis
582 1574 632 1614 ad
658 1585 787 1614 unum
812 1572 1082 1615 Plutarchum
1109 1574 1343 1615 convertit:
1370 1573 1463 1614 Pla-

259 1652 375 1696 tonis
398 1650 623 1693 editionem
649 1649 740 1701 ipse
765 1648 1001 1702 cogitabat:
1034 1650 1076 1691 in
1097 1650 1266 1695 caeteris
1287 1650 1470 1701 scripto-

251 1728 372 1772 ribus
409 1738 519 1769 unus
549 1724 737 1766 omnium
776 1723 1030 1765 Plutarchus
1072 1726 1247 1765 maxime
1283 1725 1472 1771 emenda-

251 1807 398 1849 tricem
424 1805 818 1858 explicatricemque
846 1802 1081 1855 interpretis
1107 1815 1271 1855 operam
1298 1815 1337 1843 et
1366 1804 1473 1846 desi—

251 1887 390 1928 derare
424 1895 464 1925 et
497 1882 641 1929 mereri
665 1880 911 1923 videbatur:
943 1890 983 1920 et
1011 1879 1123 1920 brevi
1153 1880 1471 1921 animadvertere

248 1961 402 2014 coepi,
433 1960 545 2000 hunc
571 1969 727 2000 tantam
756 1958 903 1999 habere
937 1956 1174 2013 materiam,
1207 1967 1312 2008 quae
1338 1967 1470 1997 meam

248 2039 415 2091 quidem
444 2037 570 2080 vitam
609 2047 865 2087 operamque
900 2046 1063 2076 omnem
1092 2044 1337 2074 consumere
1366 2044 1469 2084 pos·

243 2124 337 2164 set,
385 2115 477 2154 sive
512 2112 653 2164 operis
694 2112 1013 2165 magnitudine,
1060 2110 1147 2151 sive
1176 2110 1327 2153 virium
1364 2121 1472 2149 mea-

249 2203 341 2232 rum
376 2189 607 2240 tenuitate,
646 2189 735 2230 sive
770 2200 1004 2242 tenzporum
1040 2187 1274 2239 iniquitate.
1335 2187 1475 2241 Quin-

247 2278 330 2318 que
368 2274 466 2307 sunt
511 2265 645 2316 anni,
700 2267 816 2317 quod
858 2265 1138 2305 Ruhnkenius
1175 2275 1321 2305 noster
1361 2264 1470 2306 diem

248 2340 381 2383 obiit:
415 2350 624 2392 quatuor,
653 2343 764 2392 quoti
787 2342 1047 2394 Lugdunum
1071 2340 1262 2392 migravi.
1305 2340 1472 2380 Horum

252 2416 441 2468 quinque
461 2427 666 2457 annorum
695 2428 865 2468 quotam
894 2427 1047 2468 partem
1079 2428 1200 2468 putas
1226 2429 1291 2456 me
1313 2417 1475 2458 Plutar-

251 2498 333 2535 cno
359 2492 540 2535 tribuere
572 2494 805 2547 potuisse?
845 2493 928 2537 Sex
962 2505 1123 2537 menses
1146 2523 1161 2547 2
1194 2505 1246 2539 ne
1276 2492 1355 2539 hos
1379 2490 1472 2544 qui-

1379 2568 1472 2614 dem
