1693 3110
265 207 326 240 ἰο
549 193 1116 240 ’EPISTULA

273 316 453 371 comici,
484 317 657 360 mimici.
719 316 855 370 Igitur
877 326 918 358 et
943 318 1118 370 poeseos
1146 329 1289 373 genera
1318 322 1360 366 in
1398 323 1486 367 diz-

271 397 468 449 Jogorum
510 395 706 435 varietate
739 402 953 445 apparent.
1015 393 1103 435 Alii
1145 397 1287 448 enim,
1316 409 1364 440 ut
1393 398 1483 452 epi-

271 483 367 513 cum
404 482 562 524 genua,
604 470 1041 531 stlnt,31177nsshmtxol‚
1088 473 1322 516 narratione
1353 476 1489 517 conti-

274 556 459 598 nentur,
493 545 749 598 interposito
786 548 961 602 inquam
985 556 1025 588 et
1046 550 1216 604 inquit:
1244 550 1314 591 alii
1339 553 1492 604 δραμχ-

270 622 399 673 τικοὶ,
443 621 487 664 in
523 620 680 673 quibus
717 621 983 673 colloquium
1027 622 1190 675 agitur,
1230 635 1316 665 non
1352 638 1493 668 narra-

268 706 364 740 tur:
405 697 476 738 alii
522 696 573 737 ad
619 694 852 749 tragoediae
887 695 1184 737 sublimitatem
1233 711 1492 753 assurgunt,

272 771 342 814 alii
380 773 432 826 ad
465 772 707 826 comoediae
742 770 1061 813 similitudinem
1089 783 1127 814 et
1148 773 1257 815 vitae
1281 775 1494 826 quotidia-

269 861 347 891 nae
375 847 612 900 exemplum
649 847 877 900 compositi
906 858 1024 891 sunt,
1084 849 1179 891 Hoc
1208 850 1382 892 debebat
1419 863 1491 892 co-

271 926 435 978 gitare,
480 923 721 965 excellentis
765 923 837 965 ille
873 923 1028 978 ingenii
1066 924 1363 977 doctrinaeque
1389 924 1493 966 scri-

272 1013 376 1056 ptor
411 1002 649 1064 Dionysius
686 1000 1063 1053 Halicarnasseus,
1095 1003 1167 1043 sed
1191 1002 1296 1044 idem
1332 1003 1375 1044 in
1395 1001 1490 1044 Pla-

266 1089 409 1122 tonem
435 1078 655 1131 iniquior,
688 1087 822 1120 vetere
842 1088 1053 1121 oratorum
1091 1091 1184 1132 erga
1208 1079 1493 1133 philosophos

268 1156 400 1207 odio,
443 1155 486 1196 in
530 1154 673 1207 primis
712 1153 960 1205 Platonem,
999 1154 1151 1206 cnjus,
1195 1164 1234 1194 et
1279 1153 1404 1206 alibi,
1446 1162 1490 1195 et

265 1235 442 1278 maxime
467 1233 509 1276 in
530 1232 721 1288 Gorgia,
753 1232 958 1287 Judicinm
991 1233 1040 1273 de
1075 1229 1191 1273 civili
1216 1231 1486 1284 eloquentia,

268 1311 468 1353 omnibus
492 1311 690 1363 deinceps
712 1319 751 1351 et
777 1309 1021 1352 oratoribus
1045 1319 1085 1350 et
1111 1308 1353 1351 rhetoribus
1378 1308 1485 1350 sedit

267 1388 352 1428 alta
391 1395 529 1427 mente
563 1394 796 1438 repostum⁰
855 1382 937 1425 Hic
971 1396 1070 1439 ergo
1108 1385 1325 1427 Platonem
1349 1385 1393 1426 in
1420 1396 1490 1438 ge-

268 1474 366 1505 nere
393 1466 513 1505 temzi
538 1462 713 1504 summis
746 1462 944 1504 laudibus
978 1461 1135 1515 afficit,
1167 1462 1208 1504 in
1241 1462 1408 1505 sublimi
1438 1470 1487 1503 ut

266 1537 468 1590 puerilem
507 1537 796 1588 reprehendit:
838 1538 1014 1590 ejusque
1054 1549 1228 1579 caussae
1261 1538 1488 1579 documen-

270 1623 360 1656 tum
386 1613 518 1655 adfert
543 1614 753 1666 dialogum
779 1613 1010 1655 Phaedrum
1032 1644 1047 1665 ‚
1078 1613 1121 1655 in
1146 1626 1233 1666 quo
1258 1626 1488 1666 utrumque

271 1704 403 1745 genus
442 1699 604 1732 exstat:
646 1689 750 1732 illud
783 1690 978 1743 egregie9>
1008 1690 1090 1732 hoc
1122 1702 1367 1744 perperam,
1399 1701 1486 1732 tra-

268 1779 426 1810 ctatum
458 1767 680 1809 affirmans.
744 1765 904 1819 Quod,
937 1766 1018 1807 nisi
1042 1766 1198 1807 invidia
1219 1777 1487 1819 occupatus,

270 1848 468 1889 affirmare
491 1856 615 1886 nemo
637 1842 798 1896 possit.
859 1842 971 1896 Quis
1003 1842 1110 1882 enim
1138 1841 1299 1894 integro
1323 1842 1492 1895 judicio·

267 1923 319 1964 ad
366 1922 480 1962 illius
528 1918 625 1960 libri
678 1918 896 1960 lectionem
944 1918 1173 1968 accedens,
1215 1928 1301 1958 non
1335 1917 1487 1958 sentiat

277 1997 417 2041 omnia
441 2006 536 2049 apta
565 1995 672 2038 inter
692 2007 736 2036 se
760 2005 798 2034 et
822 1993 1066 2035 continuata
1090 1993 1230 2033 eodem
1252 1991 1490 2032 verisimili·

275 2073 437 2114 tudinis
465 2083 606 2122 nexu,
641 2068 781 2111 omnia
807 2069 849 2110 in
875 2065 1056 2119 utroque
1079 2080 1222 2121 genere
1245 2079 1339 2107 cum
1363 2079 1485 2119 argu·

268 2160 442 2200 mento,
472 2149 600 2199 loco,
631 2156 853 2198 tempore,
883 2158 924 2186 re
954 2145 1071 2198 ipsa,
1104 2145 1257 2197 pariter
1281 2138 1484 2186 conveni·

274 2242 319 2269 re
354 2235 543 2276 tantum,
576 2232 778 2275 quantum
818 2222 859 2262 in
893 2219 993 2261 ficto
1025 2219 1245 2271 colloquio
1277 2217 1363 2259 fieri
1388 2226 1485 2270 pot-

276 2312 369 2355 est;
402 2312 449 2343 ut
475 2300 649 2354 legemis
676 2311 824 2341 sensus
851 2309 1057 2349 nusquam
1083 2298 1309 2349 quidquam
1336 2297 1399 2338 vel
1421 2295 1483 2337 in-

270 2388 411 2431 eptum
432 2408 445 2428 ‚
478 2377 543 2417 vel
579 2377 835 2427 absurdum,
880 2375 944 2415 vel
977 2374 1317 2426 intempestivum
1356 2371 1488 2415 offen·

272 2456 371 2505 dat,
404 2453 474 2495 scd
512 2453 671 2502 ubique
707 2452 952 2503 Platonem,
983 2452 1243 2503 κεκηλημένος
1266 2451 1333 2495 καὶ
1354 2464 1488 2493 συνεν-

279 2534 462 2583 θουσιῶν,
493 2530 693 2574 delinitus
721 2531 950 2584 eodemque
975 2530 1207 2574 divinitatis
1242 2529 1393 2583 spiritu
1421 2525 1482 2567 af-

1413 2603 1484 2645 xla-
