1693 3110
484 208 545 254 G.
587 208 641 253 L.
674 198 1209 252 -WASSENA'ERIL
1355 211 1446 265 ‘317

297 330 375 376 Per
411 332 517 375 hanc
567 329 932 384 opportunitatem
979 328 1092 371 aliud
1118 322 1298 382 ‘quoque
1344 325 1451 373 milii

241 410 480 452 mercuriale
515 409 730 449 inventum
751 435 765 456 ,
809 404 898 446 sive
931 404 1117 459 ἕρμαιον,
1149 405 1289 448 bonus
1325 405 1452 448 &Vas-

241 486 452 528 senaerius
487 483 643 525 attulit.
707 479 825 522 Alias
853 481 1006 522 multas
1040 479 1304 523 Valckenarii
1329 481 1451 524 sche-

242 562 316 602 das
337 560 447 612 apud
471 559 560 610 ejus
588 567 783 610 generum
811 554 1071 608 Stephanum·
1098 556 1362 609 Luzacium,
1384 552 1451 599 vi·

239 646 331 677 rum
369 632 744 676 honoratissimum
762 661 778 682 ,
809 630 963 672 servari
988 642 1161 674 noram:
1194 632 1237 673 in
1262 632 1328 674 his
1354 643 1451 675 esse

239 708 486 753 Ruhnkenii
519 719 558 750 et
592 706 854 748 Valckenarii
886 716 1052 749 mutuas
1085 707 1317 761 epistolas,
1359 719 1452 751 non

235 797 398 828 noram.
460 783 547 826 Has
581 781 927 834 Wassenaerius‚
969 783 1106 824 sciens
1138 793 1341 835 quantum
1367 793 1448 837 eg'o

237 860 283 906 in
303 860 550 914 colligendis
572 857 819 900 Ruhnkenii
837 857 1052 911 Epistolis
1074 858 1298 900 laborarem
1315 889 1329 911 ,
1355 871 1449 912 per-

236 936 490 986 vestigavit,
522 933 701 987 reperit,
733 932 923 976 evolvit:
955 944 1075 984 eam,
1107 945 1189 985 qua
1213 933 1448 976 Valckena-

235 1010 301 1051 rio
322 1010 538 1052 inventurn
567 1018 689 1051 suum
718 1009 760 1051 in
783 1008 937 1051 Photio
959 1017 1124 1060 narrat,
1149 1011 1349 1061 quodque
1363 1021 1444 1063 ego

241 1087 452 1138 quondam
475 1087 498 1130 ἑ·
524 1085 781 1127 Ruhnkenio
806 1085 991 1126 auditum
1007 1114 1022 1136 ,
1053 1095 1140 1125 non
1167 1094 1358 1125 accurate
1383 1096 1446 1126 re-

236 1163 416 1204 cordans
433 1192 448 1213 ,
480 1164 673 1204 universe
698 1162 742 1203 in
770 1160 898 1214 hujus
924 1159 1022 1203 Vita
1051 1157 1289 1213 significavi
1318 1161 1448 1213 (⁴‘J2

237 1237 345 1279 hanc
382 1237 512 1290 igitur
539 1235 792 1290 descripsit,
824 1235 1072 1287 descriptam
1105 1233 1314 1276 continuo
1348 1247 1444 1276 cur·

235 1312 315 1353 sim
341 1313 391 1353 ad
414 1324 478 1354 me
498 1312 664 1355 detulit.
722 1311 845 1365 Ego,
877 1310 959 1352 hoc
985 1309 1143 1352 indicio
1166 1309 1437 1362 admonitus,

233 1396 410 1430 caeteras
436 1399 580 1430 omnes
608 1388 681 1430 has
705 1387 911 1441 epistolas
943 1386 967 1428 it
990 1385 1212 1439 Luzacio,
1247 1385 1340 1429 viro
1364 1387 1442 1428 hu-

232 1463 480 1505 manissimo
495 1494 508 1515 ,
539 1474 578 1505 et
604 1463 704 1517 petii
723 1472 763 1506 et
783 1463 944 1515 accepi.

285 1537 430 1592 Quum*
451 1551 572 1591 saepe
592 1551 641 1580 ex
666 1550 730 1580 me
759 1538 803 1580 in
829 1538 988 1580 scholis
1010 1549 1056 1580 ac
1079 1537 1347 1580 sermonibus
1366 1550 1441 1580 au-

234 1613 434 1664 divisset,
478 1622 632 1665 quanta
672 1614 781 1656 inter
815 1613 1014 1656 Graecam
1051 1611 1330 1666 Latinamque
1362 1614 1443 1656 lin-

232 1699 355 1742 guam
384 1690 714 1741 compositionis
741 1689 959 1731 diversitas
984 1688 1279 1740 intercederet,
1313 1690 1443 1742 idque

228 1765 518 1816 experimento
562 1763 719 1807 Graeca
755 1763 942 1817 Latine,
987 1773 1026 1804 et
1065 1761 1214 1805 Latina
1249 1764 1441 1816 Graece,

229 1840 415 1881 vertendi
443 1840 672 1882 certissime
695 1851 920 1893 apparereg,
951 1838 1111 1880 Graece
1137 1849 1272 1882 autem
1297 1852 1442 1881 recen·

226 1914 384 1956 tiorum
407 1917 664 1958 eruditorum
694 1915 911 1957 hominum
938 1915 1177 1968 complures
1202 1915 1305 1957 bene
1329 1916 1435 1957 scri-

196 2015 199 2021 ·
229 1990 393 2043 psisse,
424 1992 548 2044 idque
578 1991 692 2033 factu
732 1992 856 2033 etiam
892 1990 1109 2043 aliquanto
1141 1990 1313 2032 facilius
1346 2002 1439 2033 esse

228 2079 351 2119 quam
377 2066 528 2109 Latine
552 2068 758 2110 scribere:
792 2066 874 2109 hoc
896 2066 1029 2120 igitur
1059 2066 1233 2120 audito,
1266 2066 1439 2113 W'asse·

200 2143 202 2145 ’
226 2144 393 2186 naerius
417 2156 510 2185 cum
543 2143 780 2197 praecipuis
804 2141 1058 2185 Graecarum
1081 2142 1322 2185 scholarum
1350 2143 1438 2185 dis-

221 2218 380 2271 cipulis
416 2231 480 2261 me
514 2220 704 2274 rogavit,
737 2229 785 2261 ut
820 2231 869 2260 ex
908 2227 1090 2271 quatuor
1123 2219 1284 2261 scholis
1309 2229 1434 2262 unam

225 2293 409 2335 Graecae
428 2295 650 2347 scriptioni
672 2295 914 2337 tribuerem.
969 2294 1097 2349 Quod
1116 2305 1193 2348 ego
1218 2304 1346 2346 quum
1375 2294 1437 2336 fe-

191 2380 194 2383 ·
227 2367 377 2409 cissem
399 2369 536 2410 nostis
559 2363 783 2423 profccto,
813 2369 904 2413 Vos
921 2401 935 2422 ,
967 2370 1040 2422 qui
1071 2381 1186 2413 nunc
1209 2370 1363 2411 adestis
1387 2371 1438 2410 il-

229 2443 360 2484 larum
402 2445 565 2487 sodales
600 2446 869 2498 scholarum,
903 2456 1057 2498 quanta
1096 2454 1194 2487 cum
1229 2444 1436 2487 industria

1360 2519 1439 2561 has

275 2597 366 2647 (Ὅ
398 2594 570 2646 [Horum
597 2599 743 2649 Opusc.
768 2599 855 2638 Vol.
883 2600 915 2638 Ι.
940 2596 1112 2647 p.641.]
