1693 3110
290 128 380 182 142
568 103 1211 165 ΑΒῙςΡυΤΑΤΙθ

351 274 379 297 „
409 244 446 285 Ι,
472 237 713 279 Necessitas
735 234 953 290 absoluta,
983 236 1154 291 inquit,
1186 248 1247 281 est
1268 239 1443 298 simplex
1462 253 1505 290 et

298 349 328 374 „
368 313 603 359 uniusmodi
636 313 947 369 (uniforme),
988 328 1119 371 neque
1153 324 1214 357 est
1244 317 1291 357 in
1323 316 1402 359 illa
1422 318 1509 373 dlf-

299 425 328 448 „
348 392 544 448 ferentia
569 390 820 433 existentiae
847 403 977 446 neque
1001 389 1279 434 diversitas-’²
1312 392 1406 435 Hoc
1427 393 1509 446 pri-

297 484 414 516 mum
467 481 719 524 quamquam
763 469 931 511 alteram
983 478 1144 511 tantum
1180 478 1337 522 partem
1384 483 1509 526 argu-

300 549 436 593 menti
468 548 687 600 continet,
726 556 862 590 tamen
892 558 964 598 per
997 558 1042 588 se
1068 547 1148 601 jam
1191 547 1391 595 efficiendi
1423 550 1511 594 vim

291 625 444 669 habere
467 623 691 667 arbitratus
716 632 798 666 est.
860 620 980 677 Quid
1003 621 1132 675 igitur
1156 631 1220 663 est
1249 622 1356 666 hoc:
1417 625 1508 666 Ne-

296 706 542 746 cessitatemv
559 700 791 742 absolutam
821 711 903 740 esse
924 699 1151 756 simplicem
1176 708 1217 740 et
1238 703 1511 746 uniusmodi?

297 778 542 830 Nimirum,
572 789 660 821 eam
684 786 772 818 non
791 774 948 816 *mutari
975 774 1057 827 ita,
1089 785 1136 817 ut
1160 790 1241 817 non
1262 779 1317 818 sit
1342 775 1506 820 absolu.

299 864 349 900 ta
373 855 584 911 amplius:
615 860 685 894 aut
710 851 1072 908 quomodocunque
1091 855 1326 908 cogitetur,
1351 842 1510 913 semper

309 945 404 974 eam
428 945 511 973 esse
534 929 682 973 debere
709 929 959 974 absolutam.
1018 930 1153 982 Atqui
1188 929 1270 973 hoc
1304 932 1354 973 de
1378 931 1514 974 omni-

297 1010 382 1052 bus
410 1008 538 1051 rebus
562 1007 647 1050 dici
671 1016 843 1060 potestg,
878 1016 919 1048 et
943 1006 1038 1048 inde
1061 1017 1125 1048 est
1143 1038 1158 1057 .,
1188 1007 1303 1059 quod
1327 1006 1511 1059 dicitur,

299 1099 448 1128 rerum
481 1084 599 1127 ideas
630 1098 713 1126 esse
737 1085 995 1125 necessarias
1016 1114 1031 1135 ‚
1061 1091 1285 1135 aeternas,
1317 1084 1517 1124 immuta·

302 1165 404 1207 biles
417 1181 434 1218 ‚·
473 1163 611 1218 Igitur
637 1167 680 1206 in
713 1175 978 1217 unoquoque
1010 1176 1160 1217 genere
1191 1173 1353 1207 tantum
1391 1166 1516 1209 unica

298 1254 396 1294 res,
438 1254 511 1282 seu
548 1225 888 1295 uniuscujusque
931 1242 1093 1293 generis
1133 1253 1265 1283 unum
1312 1241 1513 1285 duntaxat

298 1319 570 1362 individuum
599 1330 688 1359 esse
717 1317 907 1370 poterit?
966 1316 1022 1358 Et
1048 1317 1090 1358 in
1117 1317 1379 1358 simillimum
1402 1330 1516 1361 erro·

301 1406 388 1436 rem
416 1393 565 1434 incidit
599 1405 681 1433 wo
697 1404 835 1433 LFIU
852 1403 871 1432 s
908 1390 1061 1433 Theoi.
1086 1390 1184 1433 Nat.
1208 1391 1255 1433 P.
1280 1389 1331 1434 ΙΙ.
1356 1394 1398 1445 §.
1414 1393 1513 1446 405.

300 1467 414 1510 Not.
450 1468 702 1517 Nimirum,
734 1465 874 1517 inquit
891 1495 906 1516 ,
939 1478 1020 1506 non
1040 1466 1125 1506 nisi
1144 1467 1273 1508 unica
1298 1476 1356 1507 est
1383 1479 1514 1509 essen-

298 1546 366 1587 tia
401 1543 579 1594 divina,
613 1555 686 1584 nec
716 1543 800 1582 nisi
833 1542 962 1583 unica
1000 1541 1253 1595 existentia,
1285 1556 1426 1600 nempe
1447 1559 1521 1587 ne.

307 1624 514 1664 cessaria.
601 1619 648 1661 In
685 1619 751 1660 his
783 1619 923 1661 verbis
957 1628 1021 1660 est
1054 1632 1201 1675 magna
1236 1622 1519 1677 ambiguitas:

309 1697 434 1753 quasi
469 1697 566 1740 inde
600 1697 718 1750 quod
750 1697 931 1738 essentia
958 1695 1037 1739 Dei
1065 1698 1187 1741 unica
1216 1700 1304 1752 sit,
1336 1715 1520 1746 neeessa-

303 1778 384 1818 ‘rio
418 1788 526 1818 unus
551 1774 768 1816 duntaxat
801 1773 919 1816 Deus
956 1777 1213 1817 necessarius
1248 1790 1330 1818 esse
1367 1782 1516 1834 possit.

304 1851 467 1893 Verum
496 1850 682 1892 Wolfius
702 1850 785 1893 hoc
810 1862 939 1892 unum
955 1850 1093 1893 effecit
1115 1864 1155 1894 et
1177 1853 1332 1896 efficere
1355 1856 1521 1909 voluit,

309 1942 392 1971 non
428 1939 584 1968 necesse
607 1941 692 1968 esse
718 1927 899 1982 plures,
934 1937 1118 1983 praeter
1145 1943 1303 1981 unum,
1333 1939 1523 1974 statuere

302 2004 429 2046 Deos.
490 2002 569 2044 Sed
591 2003 806 2044 redeamus
829 2002 879 2044 ad
909 2001 1126 2044 Clarkium
1147 2034 1161 2056 ‚
1197 2003 1271 2055 qui
1294 2003 1391 2046 haee
1414 2016 1520 2049 con.

303 2077 429 2120 tinuo
461 2077 680 2131 adJ'ungitz

362 2155 423 2194 ll.
456 2153 504 2193 Si
526 2166 624 2195 vero
659 2153 793 2211 plura
833 2154 919 2195 sint
943 2153 1084 2196 Entia
1106 2158 1371 2207 necessaria,
1395 2157 1527 2208 poesie

302 2231 491 2284 cogitari
527 2243 655 2272 unum
693 2231 764 2273 vel
793 2232 980 2274 alterum
1025 2245 1078 2274 ex
1117 2233 1170 2273 iis
1203 2243 1283 2271 non
1321 2239 1432 2269 esse:
1473 2227 1526 2270 de

305 2307 453 2364 quibus
488 2321 585 2349 vero
623 2309 696 2350 hoc
740 2310 928 2364 cogitari
954 2311 1110 2366 possit,
1154 2303 1269 2345 illud
1300 2317 1381 2346 non
1422 2311 1526 2346 esset

303 2384 585 2427 necessarium
601 2397 616 2423 .·
646 2386 785 2440 igitur
804 2384 936 2426 simul
953 2388 1085 2422 essent
1105 2383 1345 2422 necessaria
1380 2389 1420 2421 et
1440 2393 1522 2421 non

313 2461 557 2506 necessaria
574 2488 588 2513 ‚
622 2460 734 2520 quod
753 2474 846 2504 cum
863 2455 969 2513 fieri
990 2465 1197 2516 nequeat,
1229 2457 1525 2514 consequitur,

1426 2548 1523 2579 um·
