1693 3110
257 219 313 263 44
635 194 1121 246 EPISTOLA

258 338 301 371 et
322 324 552 371 Boschium
578 322 728 365 caritas
763 330 803 363 et
834 318 1097 361 familiaritas
1131 319 1250 373 quasi
1284 318 1467 363 fraterna

252 406 420 461 junxit:
451 412 491 444 et
514 401 644 443 debeo
668 400 704 441 ei
726 398 914 440 vicissim
943 399 1266 441 munusculum:
1301 408 1340 440 et
1364 412 1467 441 con-

251 490 393 525 tentus
422 477 498 518 erit
525 489 574 518 eo
596 505 611 527 ,
639 475 755 527 quod
787 473 921 515 dabo:
958 485 1032 514 nec
1073 486 1230 515 novum
1269 462 1467 526 reponet,

253 554 326 596 cui
351 564 428 606 ego
451 562 597 593 rursus
625 560 784 591 novum
807 558 847 589 et
873 549 963 601 ipse
984 561 1180 601 reponere
1197 549 1381 593 debeam.
1410 551 1469 592 At

253 628 481 673 Fonteinio
506 625 659 677 scripsi
686 624 863 678 gratuita
889 624 1066 675 pietate:
1102 625 1162 665 nil
1189 625 1225 665 ei
1248 624 1467 666 debebam:

258 717 335 747 nec
373 702 475 744 mihi
520 701 766 753 rescripsit,
812 701 884 742 sed
922 713 1030 753 opus
1060 700 1294 753 imposuit,
1328 700 1472 742 Theo-

254 779 416 834 phrasti
437 777 679 820 editionem.
721 775 834 816 Haec
861 785 924 816 est
949 774 1019 816 illa
1041 774 1083 816 in
1107 775 1320 826 superiore
1342 774 1474 827 hujus

261 854 546 898 Bibliothecae
567 851 687 893 Parte
712 851 791 905 (⁸²)
812 852 914 892 mihi
937 852 1048 894 dicta
1073 851 1268 905 adoptiva
1289 860 1327 891 et
1354 850 1480 892 indo·

263 943 349 976 tata
382 930 491 973 filia:
525 939 649 980 quam
674 925 901 969 dictionem
931 927 1127 970 nonnulli
1158 939 1369 980 perperam
1407 939 1477 968 ac-

255 1017 473 1063 ceperunt.
530 1005 693 1056 Nosti,
724 1014 897 1046 auctore
922 1002 1170 1055 Herodoto,
1193 1003 1239 1054 Ι,
1268 1016 1349 1057 93,
1383 1003 1474 1056 Ly·

259 1087 329 1130 dis
363 1096 519 1127 morem
557 1082 695 1124 fuisse
734 1079 843 1122 filias
874 1081 1157 1135 prostituere,
1189 1089 1264 1131 ut,
1296 1092 1475 1132 corpore

259 1172 481 1216 quaestum
514 1160 744 1210 facientes,
776 1158 915 1199 dotem
943 1156 1024 1199 sibi
1056 1155 1189 1197 futuri
1224 1154 1477 1197 matrimonii

260 1239 522 1293 colligerent.
593 1236 660 1278 Ab
696 1235 773 1276 hac
808 1233 969 1275 ratione
1002 1243 1088 1273 mea
1119 1230 1249 1282 pietas
1279 1229 1478 1270 abhorre-

259 1315 355 1357 bat:
392 1324 641 1365 quamquam
667 1323 755 1354 non
787 1309 992 1352 dissimile
1022 1308 1063 1348 in
1095 1306 1271 1348 aliorum
1301 1303 1475 1356 scriptis

266 1390 434 1433 edendis
460 1387 637 1430 subinde
663 1394 906 1438 usurpatur.
966 1383 1060 1435 Ego
1083 1379 1321 1432 adoptivam
1345 1377 1472 1419 filiam

262 1465 516 1520 prostituere
560 1463 724 1504 nolui:
780 1460 934 1503 nemini
980 1471 1066 1500 eam
1106 1455 1316 1498 venditavi
1342 1485 1355 1505 ‚
1399 1466 1474 1495 nee

266 1541 461 1583 utendam
493 1537 708 1580 concessi:
749 1537 905 1578 nullam
941 1535 1028 1587 ejus
1062 1533 1176 1574 floris
1210 1542 1365 1584 partem
1399 1543 1475 1572 nee

246 1621 357 1671 'ipse
393 1615 599 1666 delibavi,
630 1626 706 1655 nec
737 1611 830 1654 aliis
857 1611 1113 1652 delibandam
1149 1607 1339 1661 permisi:
1373 1607 1478 1648 inte-

267 1706 375 1748 gram
413 1691 645 1744 virginem,
679 1688 857 1740 pudice,
891 1684 1053 1727 liberali
1091 1693 1251 1736 septam
1285 1682 1479 1723 custodia

268 1769 458 1809 servavi:
494 1777 566 1805 nec
593 1764 675 1805 nisi
701 1764 743 1803 in
779 1761 1087 1803 adolescentum
1123 1758 1374 1808 doctorum,
1407 1768 1478 1797 eo-

267 1844 539 1898 rumdemque
565 1849 778 1880 castorum
806 1846 846 1878 et
869 1837 1151 1877 modestorum
1167 1864 1182 1886 ,
1203 1843 1479 1886 conspectum

268 1929 308 1959 et
343 1916 609 1968 colloquium
645 1913 796 1964 eduxi3
845 1911 879 1952 si
919 1909 1033 1951 forte
1066 1909 1221 1962 aliquis
1259 1921 1400 1950 eorum
1437 1909 1481 1950 in

269 1992 579 2035 matrimonium
618 1989 699 2031 sibi
729 2001 814 2029 eam
848 1995 1076 2039 expeteret.
1145 1985 1235 2027 En!
1280 1986 1481 2037 inquam,

269 2072 369 2112 haec
393 2078 454 2109 est
488 2066 684 2117 adoptiva
720 2076 805 2104 mea
841 2063 951 2112 filia,
999 2074 1102 2113 quae
1134 2063 1274 2103 dotem
1311 2062 1481 2113 quidem

272 2159 358 2189 non
384 2143 506 2184 habet
528 2154 641 2192 eam,
668 2153 773 2193 quae
797 2141 927 2193 vulgo
954 2140 1031 2180 dos
1056 2138 1240 2189 dicitur,
1267 2138 1339 2179 sed
1360 2139 1481 2179 aliam

275 2227 398 2275 longe
436 2223 658 2275 majorem:
692 2232 796 2273 quae
827 2231 938 2260 nunc
968 2217 1150 2259 nondum
1187 2228 1380 2270 apparet,
1411 2230 1487 2269 ap..

279 2299 442 2353 parebit
488 2307 656 2348 autem,
702 2296 736 2336 si
783 2296 832 2336 ad
866 2306 949 2336 eam
986 2293 1256 2345 colligendam
1297 2293 1484 2333 studium

281 2384 321 2416 et
348 2373 531 2415 laborem
564 2370 861 2413 contuleritis:
891 2368 1124 2423 colligenda
1159 2379 1220 2410 est
1251 2381 1323 2421 per
1356 2367 1487 2410 Grae-

1415 2457 1487 2490 Ca·

325 2574 416 2626 (Ἴ)
446 2573 544 2624 [Cf.
572 2575 659 2612 Vol.
685 2574 756 2611 ΙΙΙ.
803 2574 900 2612 Part.
922 2572 973 2610 ΙΙ,
1001 2582 1040 2619 p.
1068 2568 1326 2619 rog-mma]
