1693 3110
465 169 801 216 PHAEDONIS
830 170 1169 221 PLA-TONICI.
1371 187 1440 241 94

216 295 258 350 fi
280 292 436 350 possit.
493 295 584 335 Aut
618 292 737 346 quasi
771 294 893 336 locus
917 294 966 335 de
986 293 1298 339 immortalitate
1319 297 1437 346 illam

221 370 617 413 demonstrationem
640 368 798 422 capiat,
833 381 938 420 quae
960 372 1119 415 ratione
1143 373 1440 420 mathematica

221 427 309 492 ⁴uno
331 454 575 499 argumento
601 453 715 484 certo
741 442 1020 496 conficiatur,
1053 458 1098 487 ac
1130 459 1217 489 non
1253 459 1304 489 ex
1329 447 1438 506 mul-¹

217 520 274 568 tis
315 518 606 572 probabilibus
653 517 883 570 colligatur
920 522 1207 574 argumentis,
1252 535 1438 575 quorum

216 595 446 649 conjuncta
474 593 537 635 vis
563 593 612 634 ad
643 604 735 634 eum
774 593 946 646 gradum
977 604 1201 647 augeatur,
1235 597 1308 649 qui
1332 597 1441 640 satis

215 671 348 713 valeat
372 670 421 711 ad
451 667 817 722 persuadendum,
849 674 949 720 post
973 677 1147 709 mortem
1174 669 1298 711 bonis
1330 671 1440 713 bene

210 745 318 789 fore.
378 746 467 787 Aut
504 744 627 798 quasi
648 743 800 787 Cicero
825 743 863 785 id
880 773 895 796 ,
930 743 1045 797 quod
1071 745 1252 797 volunt,
1286 758 1335 787 ex
1359 759 1437 790 sua

208 822 329 876 ipse,
360 835 406 864 ac
433 835 520 863 non
555 835 606 864 ex
650 821 856 874 discipuli
885 833 1064 874 persona
1098 821 1274 865 dixerit:
1309 835 1435 875 quem

211 909 344 949 quum
367 895 684 948 admonuisset,
710 896 868 940 Evolve
881 896 1112 953 diligenter
1132 897 1328 940 Platonis
1339 912 1434 941 cum

203 973 392 1027 librum,
424 977 497 1030 qui
535 984 594 1016 est
629 974 679 1016 de
716 979 887 1028 animo,·
919 976 1098 1030 amplius
1132 974 1245 1030 quod
1273 974 1435 1018 deside·

207 1068 303 1107 res,
334 1057 449 1097 nihil
472 1059 587 1097 erit:
620 1055 807 1096 eumdem
842 1056 1166 1107 respondentem
1187 1057 1318 1101 facit:
1349 1059 1431 1102 Fe-

199 1136 242 1175 ci
267 1133 528 1184 mehercule,
561 1142 602 1174 et
638 1131 804 1188 quidem
831 1135 998 1188 saepius
1011 1148 1028 1185 ‚·
1059 1132 1158 1185 sed,
1189 1138 1326 1177 nescio
1347 1150 1435 1192 quo

201 1209 346 1261 modo,
378 1209 476 1251 dum
505 1209 595 1264 lego
624 1207 871 1250 adsentior:
900 1221 994 1249 cum
1014 1211 1139 1264 posui
1170 1208 1356 1262 librum,
1386 1219 1430 1252 ec

198 1298 356 1331 mecum
389 1287 474 1341 ipse
510 1284 561 1326 de
600 1285 933 1326 immortalitate
957 1286 1199 1327 animorum
1225 1288 1340 1345 coepi
1359 1301 1430 1329 co·

193 1365 371 1418 gitarc,
401 1361 589 1403 adsensio
614 1362 696 1404 illa
729 1365 859 1403 omm's
888 1362 1093 1407 elabitur.
1153 1361 1275 1406 Hanc
1297 1364 1429 1408 disci-

194 1437 286 1491 puli
321 1435 638 1479 confessionem
675 1437 829 1481 Cicero
863 1439 955 1481 sine
987 1439 1207 1481 notatione
1241 1450 1424 1492 praeter-

191 1511 394 1565 mittens,
436 1512 494 1555 ita
541 1514 952 1574 disserere-pergit,
1001 1526 1048 1557 ut
1082 1517 1157 1568 qui
1191 1517 1332 1559 locum
1368 1519 1423 1561 de

191 1587 508 1630 immortalitate
538 1588 774 1631 animorum
808 1601 896 1630 non
930 1591 1057 1631 modo
1096 1591 1420 1645 persuasionis,

193 1662 270 1704 sed
290 1672 332 1704 et
354 1661 730 1704 demonstrationis
752 1674 944 1715 capacem
966 1664 1154 1718 judicet,
1184 1677 1282 1707 cum
1309 1667 1421 1709 alio-

189 1751 284 1783 rum
313 1738 671 1792 philosophorum
690 1769 705 1795 ,
738 1748 829 1782 tum
854 1740 1045 1783 Platonis
1070 1754 1120 1782 ex
1141 1743 1238 1783 aliis
1263 1743 1417 1799 libris,

187 1823 432 1870 argumenta
447 1813 657 1858 adferens.
720 1815 874 1869 Neque
894 1830 996 1861 vero
1018 1818 1140 1861 Plato
1164 1819 1208 1861 in
1226 1819 1416 1863 Phaedo-

180 1905 238 1952 ,ne
264 1905 408 1935 omnes
442 1894 675 1946 expromsit
697 1893 1025 1943 immortalitatis
1047 1897 1232 1939 rationes
1255 1928 1270 1950 ,
1304 1911 1414 1951 quas

183 1971 228 2014 in
249 1970 341 2013 aliis
361 1970 480 2011 libris
502 1970 731 2024 exposuit3
761 1973 922 2026 quippe
943 1986 1119 2026 quarum
1143 1983 1184 2015 et
1206 1987 1409 2019 numerus

180 2048 342 2102 major,
374 2057 414 2089 et
452 2047 679 2100 explicatio
710 2048 880 2101 longior
911 2047 1055 2108 futura
1079 2049 1289 2093 videretur
1324 2064 1408 2105 pro

182 2125 310 2173 modo
321 2155 336 2176 ,
351 2135 538 2178 tempore
553 2156 568 2177 ,
583 2138 630 2167 ac
642 2137 823 2179 persona
845 2124 1050 2169 Socratis.
1083 2125 1179 2170 Nos
1202 2127 1372 2181 quidem
1384 2158 1404 2183 ,

179 2204 348 2255 quando
384 2203 573 2246 Platonis
602 2203 783 2246 rationes
818 2216 992 2256 omneS,
1025 2217 1125 2247 cum
1152 2206 1245 2248 aliis
1271 2206 1315 2249 in
1348 2207 1406 2249 li-

176 2280 294 2332 bris,
326 2290 416 2323 tum
451 2281 494 2324 in
521 2283 743 2325 Phaedone
760 2312 774 2334 ‚
798 2281 1017 2334 proditaS,
1050 2282 1297 2336 singulatim
1325 2295 1406 2326 no-

177 2356 362 2409 tavimus
390 2357 433 2399 in
455 2357 757 2410 Disputatione
779 2369 889 2404 anno
911 2368 1235 2404 MDCCLxxxm
1264 2357 1316 2399 ad
1332 2358 1403 2411 ju-

173 2433 288 2486 dices
327 2433 367 2475 T
369 2435 601 2489 eylerianos
638 2435 829 2488 set-lpta,
874 2434 924 2475 de
971 2435 1249 2490 quaestione,
1291 2446 1404 2491 quae

153 2507 335 2565 fuerint
360 2519 548 2556 veterum
561 2512 907 2571 philosophorum
930 2512 959 2557 ἀ
981 2510 1157 2555 Thalete
1177 2519 1218 2554 ct
1240 2511 1407 2567 Pytha-

1332 2604 1407 2647 em
