1693 3110
260 153 339 208 138
428 142 891 192 PROLEGOMENA
919 155 979 186 nx
1008 142 1294 191 EotTtoNE

263 283 348 314 una
367 272 591 321 eademque
612 265 735 309 notio
762 264 806 306 in
837 264 995 308 Animo
1023 266 1244 310 excitetur.
1303 269 1477 323 Veluti,

265 348 307 390 si
329 347 472 389 audias
496 353 571 387 aut
590 343 794 395 scriptum
815 342 926 395 legas
946 353 1099 384 nomen
1113 342 1245 385 Homo
1259 346 1358 396 ,vel
1379 344 1480 388 Pto-

259 423 470 473 lemaeus,
493 418 679 473 plurium
702 418 1047 472 diversorumque
1069 420 1383 463 individuorum
1404 434 1478 465 co-

258 499 409 553 gitatio
445 499 490 540 in
519 497 676 539 Animo
707 495 807 538 oriri
847 505 1011 550 potest:
1042 506 1083 539 et
1111 498 1150 540 si
1180 508 1326 540 contra
1358 511 1403 540 v.
1434 510 1476 540 c.

260 573 377 614 dicas
406 571 653 627 singillatim
677 572 847 615 nomina
864 572 1080 624 Asamus,
1109 575 1175 616 vel
1198 573 1386 626 Tullius,
1408 574 1478 616 vel

260 648 409 692 Cicero
425 679 441 701 ,
470 652 538 692 vel
557 649 736 701 denique
760 649 797 691 si
822 651 949 692 unius
971 650 1242 704 ejusdemque
1263 652 1319 692 rei
1340 650 1478 692 nomi-

262 740 318 771 na
344 727 471 768 variis
504 726 664 779 linguis
695 726 932 779 audiveris,
972 738 1056 768 una
1088 734 1226 769 tamen
1253 726 1478 781 eademque

259 804 382 849 notio
404 804 449 846 in
471 803 629 846 Animo
653 802 827 846 exsistat
842 804 864 847 ’ἐ

775 957 820 1010 §.
877 955 965 999 lx.

507 1109 577 1155 De
607 1110 942 1153 Innnortalitate
971 1111 1242 1154 Animorum.

321 1264 466 1317 Atque
484 1263 553 1305 his
576 1264 744 1317 quidem
776 1263 1011 1306 rationibus
1036 1264 1142 1306 illud
1171 1264 1363 1307 effectum
1385 1273 1478 1320 est,

260 1341 468 1386 «Animum
488 1352 575 1382 non
598 1340 732 1392 perire
755 1350 890 1381 morte
913 1340 1140 1393 Corporis,
1178 1341 1343 1383 Etenim
1368 1355 1483 1387 mors

266 1416 479 1469 Corporis
503 1414 680 1456 efficitur
697 1416 932 1457 cessatione
953 1426 1094 1458 motus
1115 1417 1294 1471 interni,
1326 1431 1372 1460 ac
1396 1420 1488 1460 dis.

267 1491 486 1535 solutione
508 1490 718 1543 partium:
745 1502 925 1542 quorum
942 1499 1135 1532 neutrum
1159 1491 1203 1532 in
1223 1493 1367 1535 Animi
1387 1492 1487 1534 sim-

268 1568 500 1622 plicitatem
536 1568 680 1609 cadere
713 1577 870 1621 potest.
931 1567 1070 1623 Quare
1106 1569 1142 1610 si
1180 1569 1276 1621 quis
1301 1571 1485 1624 amplius

267 1656 413 1688 contra
448 1646 592 1687 Animi
624 1645 983 1688 Immortalitatem
1019 1645 1229 1690 obluctari
1260 1647 1392 1699 velit,
1423 1649 1483 1690 al-

270 1733 473 1767 terutrum
503 1732 660 1765 statuat
683 1734 853 1764 necesse
875 1732 969 1775 est,
1003 1723 1068 1764 vel
1092 1723 1115 1764 ἐι
1149 1723 1242 1765 Deo
1266 1723 1364 1777 ipso
1384 1724 1489 1767 Ani-

265 1811 381 1841 mum
404 1797 658 1840 exstinctum
683 1808 723 1838 et
744 1797 787 1839 in
801 1797 981 1839 nihilum
997 1798 1196 1850 reJ'ecturn
1213 1798 1264 1839 iri
1280 1828 1295 1850 ‚
1309 1799 1374 1840 vel
1390 1812 1486 1841 eum

268 1883 429 1927 ..aprime
465 1875 541 1915 sust
573 1875 752 1924 naturai,
784 1885 915 1925 quum
951 1872 1077 1914 scmel
1111 1884 1289 1924 corpore
1321 1875 1489 1916 solutus

268 1950 428 2002 fuerit,
470 1950 514 1992 in
552 1961 747 1991 somnum
779 1957 904 2001 atque
939 1957 1150 2001 torporem
1185 1949 1394 2002 incidere,
1437 1961 1486 1993 ut

265 2025 573 2078 cogitationem
610 2037 789 2077 prorsus
830 2025 1010 2066 amittat.
1072 2026 1136 2066 Ac
1171 2026 1290 2077 prius
1317 2027 1488 2078 quidem

270 2101 493 2143 confutare
516 2102 568 2143 ad
601 2100 878 2155 Theologiam
909 2101 1148 2143 Naturalem
1172 2102 1381 2155 pertinet,
1414 2104 1490 2146 ubi

269 2190 322 2221 ex
348 2177 587 2220 virtutibus
620 2177 776 2220 diviniS
814 2178 1062 2232 colligitur,
1092 2179 1226 2219 Deum
1262 2179 1405 2220 Animi
1427 2180 1492 2221 vi·

269 2265 354 2298 tam
379 2267 465 2297 non
486 2256 623 2296 solum
650 2267 737 2297 non
761 2256 1066 2298 exstincturum
1084 2285 1099 2306 ‚
1122 2267 1251 2306 quum
1278 2267 1364 2296 eam
1385 2255 1491 2297 Ani·

273 2344 369 2375 mus
402 2343 477 2384 per
513 2343 632 2372 suam
677 2342 865 2372 naturam
914 2331 1144 2382 producere
1193 2330 1334 2382 possit
1352 2360 1368 2382 ,
1417 2331 1488 2372 sed

274 2405 396 2447 etiam
426 2417 474 2446 ex
502 2404 732 2447 abundanti
761 2407 1008 2460 largiturum
1027 2435 1041 2457 ,
1074 2405 1109 2446 si
1136 2407 1315 2447 Animus
1340 2418 1493 2458 corpo-

277 2494 367 2527 reae
397 2481 508 2526 foret
540 2492 727 2527 naturae.
797 2484 1031 2528 Posteriori
1057 2495 1156 2526 vero
1183 2479 1494 2537 reprehensioni

1415 2558 1501 2602 hoe
