1693 3110
209 187 295 238 428
520 179 1122 227 DISPUTATIO

216 319 268 349 ex
290 303 592 348 recentioribus
618 314 791 355 quoque
814 301 936 344 multi
959 302 1161 354 fuerunt,
1194 302 1268 355 qui
1293 307 1426 348 teme&

217 395 263 424 re
297 382 376 423 ista
408 386 624 420 uterentur
646 377 922 419 auctoritate:
957 377 1031 429 qui
1067 388 1193 429 quam
1230 378 1341 418 acuti
1381 387 1423 420 et

219 457 439 510 diligentes
474 454 633 497 fuerint
657 454 701 495 in
726 454 1004 506 dijudicandis
1041 453 1297 496 testimoniis
1329 454 1439 495 Scri-

219 541 430 585 ptorum,
474 531 556 572 hoc
603 540 692 570 uno
739 530 998 571 documento
1044 530 1221 582 intelligi
1265 539 1437 583 potest,

222 607 341 660 quod
375 606 512 648 eadem
551 617 675 658 opera
706 605 977 646 Aristotelem
999 604 1199 658 Judaeum
1229 604 1435 648 fecerunt.

220 684 334 727 Nam
351 714 367 736 ‚
400 683 516 736 quod
537 684 611 725 vix
635 681 832 723 credibile
855 682 1050 724 videatur
1067 712 1083 733 ,
1117 682 1246 723 homo
1275 682 1432 723 doctus

232 762 455 805 Marsilius
480 760 654 803 Ficinus
681 760 729 800 de
753 758 918 802 Christ.
946 759 1087 812 Relig.
1114 772 1211 812 cap.
1238 760 1306 801 26.
1338 758 1439 799 haec

222 839 350 882 verba
394 836 601 891 protulit:
655 836 912 887 Clearchus,
947 835 1261 892 Peripateticus
1295 835 1447 877 scribit

222 916 500 961 Aristotelem
526 914 666 967 fuisse
693 912 927 966 Judaeum.
988 912 1255 966 Turpissimi
1292 911 1444 955 erroris

226 1005 378 1036 caussa
411 991 496 1033 fuit
527 988 811 1043 negligentia,
855 1001 938 1041 qua
973 987 1165 1031 Latinam
1207 989 1444 1031 versionem

227 1069 404 1126 Josephi
439 1069 548 1109 male
585 1066 817 1118 intellexit,
861 1074 901 1106 et
935 1078 1060 1118 prava
1107 1065 1447 1118 interpunctione

233 1143 455 1196 corrupit3
487 1154 580 1184 nam
618 1154 713 1182 cum
755 1140 880 1182 verba
909 1140 1099 1192 Graeca,
1130 1146 1299 1196 κᾴνεΐνος
1322 1142 1448 1190 volvor

231 1225 276 1268 τὸ
312 1223 386 1275 μὲν
415 1221 525 1272 γένος
557 1218 601 1267 ἦν
637 1218 855 1269 Ἰουδαῖος,
899 1217 955 1259 ita
989 1219 1145 1259 reddita
1173 1227 1336 1269 essent,
1366 1217 1449 1259 Ac-

228 1313 309 1357 que
337 1297 437 1348 ille,
468 1298 609 1351 inquit
636 1294 919 1345 Aristoteles,
953 1292 1151 1346 Jztdcteus
1184 1302 1308 1346 erat;
1338 1292 1448 1334 Fici-

229 1389 312 1420 nus
336 1376 393 1417 ita
420 1374 550 1426 legit,
582 1372 722 1427 Atque
747 1370 849 1421 ille,
881 1372 1052 1426 inquit,
1078 1369 1330 1412 Aristoteles
1356 1368 1445 1421 Ju-

233 1454 363 1496 daem
387 1458 501 1492 erat.
552 1446 759 1489 Videatur
778 1446 956 1500 Jonsius
978 1447 1006 1489 1.
1035 1459 1076 1490 c.
1102 1459 1148 1499 p.
1176 1447 1268 1491 116.
1308 1446 1451 1488 Palae·

233 1529 373 1573 stinae
409 1526 606 1578 quidem,
650 1533 698 1564 ut
728 1523 834 1565 idem
869 1532 1018 1574 notat,
1062 1533 1101 1564 et
1138 1524 1264 1564 maris
1300 1524 1456 1566 mortui

230 1605 390 1648 mentio
425 1602 472 1644 fit
506 1601 619 1654 apud
656 1600 932 1642 Aristotelem
964 1598 1252 1650 Meteorolog.
1289 1598 1366 1650 II,
1404 1608 1449 1650 3.

226 1681 481 1738 Judaeorum
511 1689 722 1731 nusquam
752 1677 795 1718 in
825 1675 998 1729 reliquis
1029 1677 1119 1730 eJus
1149 1675 1286 1719 libris.

291 1755 474 1808 Ceteri,
527 1766 638 1807 quos
694 1753 847 1795 excitat
885 1752 1135 1806 Josephus,
1185 1752 1454 1806 Scriptores,

239 1846 384 1877 omncs
407 1841 507 1885 post
533 1830 815 1872 Alexandrum
843 1826 1042 1878 fuerunt;
1078 1837 1125 1869 ut
1151 1839 1238 1869 non
1267 1827 1348 1879 sit,
1379 1840 1455 1869 cur

238 1913 287 1954 de
320 1910 371 1952 iis
405 1909 537 1949 multa
575 1905 786 1947 dicamus.
852 1902 1090 1943 Plurimum
1131 1901 1282 1943 tribuit
1316 1901 1452 1943 Heca-

240 1996 365 2036 taeo,
398 1981 469 2035 qui
491 1980 675 2035 Judaeos
702 1977 813 2018 haud
845 1977 1010 2030 exiguis
1045 1977 1203 2017 ornarit
1238 1975 1452 2019 laudibuS.

241 2064 289 2106 In
321 2061 580 2110 Hieronymo
609 2056 724 2096 haud
763 2054 1029 2096 mediocriter
1058 2054 1312 2106 offenditur3
1349 2054 1454 2105 qui,

242 2151 373 2191 quum
399 2145 565 2188 praetor
590 2131 741 2173 fuisset
766 2131 910 2184 Syriae
945 2139 985 2172 et
1017 2129 1254 2171 diutissime
1284 2130 1328 2171 in
1375 2130 1462 2172 illis

238 2210 486 2266 regionibus
524 2217 744 2258 versatus,
788 2219 839 2248 ne
883 2205 1057 2247 verbum
1100 2204 1268 2256 quidem
1304 2204 1355 2245 de
1386 2204 1462 2258 Ju-

243 2290 356 2332 daeis
404 2286 579 2328 dixerit:
621 2294 662 2326 et
699 2293 786 2326 erat
819 2283 926 2325 idem
963 2294 1058 2323 cum
1097 2269 1251 2323 doctus
1297 2281 1457 2333 homo,

240 2379 331 2410 tum
368 2362 552 2414 scriptor
573 2361 891 2403 successionum
925 2358 1177 2409 Alexandri,
1217 2369 1324 2410 quae
1357 2369 1458 2410 pro-

243 2442 360 2485 fecto
394 2446 478 2479 erat
510 2448 554 2477 ea
580 2436 779 2478 historiae
806 2447 930 2488 pars,
967 2434 1010 2476 in
1049 2445 1129 2485 qua
1163 2445 1267 2475 suus
1291 2432 1462 2487 Judaeis

250 2514 425 2560 debebat
450 2523 540 2558 csse
563 2512 704 2558 locus.
766 2511 967 2567 Sequitur
1008 2509 1278 2565 Scriptorum
1309 2506 1462 2558 turba,

1393 2595 1466 2638 qux
