1693 3110
429 186 538 231 AD
593 180 1150 229 LYNDENUM.
1329 199 1431 288 4021

188 308 588 354 animadvertentes:
614 316 655 350 et
679 304 1005 348 condonandum
1035 303 1208 348 caeteris
1229 306 1320 360 eJ'us
1345 304 1411 346 in.

187 386 298 442 genii
334 385 536 427 dotibus:
577 379 939 435 cogitandumque
975 379 1110 432 illud,
1153 392 1233 420 non
1264 379 1408 421 omnia

177 473 396 521 possumus
432 473 581 503 omnes.
640 457 697 499 Et
733 455 819 497 fuit
851 468 948 498 sane
983 467 1190 498 caeterum
1226 454 1410 500 Kantius

181 541 393 583 excellens
428 538 647 580 universae
671 532 853 576 scientia
894 532 1221 586 Philosophiae:
1253 531 1411 574 exerei-

182 627 299 661 tatus
334 613 726 666 Metanhysicarum
769 609 1018 652 tractatione
1050 608 1290 661 rationum,
1323 609 1413 650 sin-

182 691 339 748 gularis
377 689 596 734 acumine:
629 687 817 730 oratione
850 695 1058 739 argutus,
1110 697 1187 731 nec
1223 683 1314 726 sine
1348 698 1417 729 sa.

178 770 234 812 le.
296 768 450 820 Neque
479 777 614 808 tamen
642 767 734 808 ideo
773 766 864 820 ejus
894 764 1133 807 doctrinam
1160 765 1408 817 probamus,
1438 817 1442 820 .

179 845 239 889 Et
272 844 366 897 ipse
411 843 436 884 :i
486 843 649 896 mae-‚nis
694 843 830 893 viris,
873 842 1080 894 Platone,
1134 840 1417 896 Leibnitzi0‚

181 921 418 963 Aristotele
438 950 453 971 ,
483 919 651 961 Lockio
668 950 683 971 ,
714 919 894 970 aliisque
920 918 1141 961 dissensit.
1207 919 1262 960 Et
1284 918 1413 961 nobis

177 998 304 1041 liceat
328 997 352 1038 a
375 996 531 1038 Kantio
559 995 795 1038 dissentire.
848 993 1022 1036 Amicus
1046 995 1174 1040 Plato
1190 1025 1205 1046 ‚
1231 995 1306 1037 sed
1324 1009 1418 1038 ma-

174 1072 243 1127 gis
277 1074 416 1114 amica
450 1073 629 1114 veritas.
660 1097 719 1106 -
739 1070 835 1124 Jam
874 1082 973 1114 vero
995 1100 1011 1124 ,
1045 1083 1110 1112 me
1145 1071 1313 1117 tandem
1350 1072 1415 1118 di-

177 1148 348 1192 mittite.
408 1146 558 1191 Dixi!

722 1241 870 1286 VIII.

234 1377 334 1422 CR.
369 1377 491 1420 Istud
511 1389 611 1419 vero
639 1376 755 1418 Dixi
775 1376 836 1418 nil
860 1376 942 1418 tibi
963 1376 1176 1430 proderit,
1210 1389 1298 1431 quo
1321 1391 1410 1422 ma-

185 1454 250 1510 gis
275 1464 318 1496 te
341 1465 534 1496 sermone
559 1454 810 1495 defunctum
838 1463 993 1506 putes:
1028 1466 1163 1507 neque
1183 1467 1264 1497 nos
1303 1457 1410 1498 hanc

176 1531 406 1574 formulam
442 1530 705 1583 accipimus:
743 1530 850 1582 quin
879 1539 920 1571 te
958 1529 1097 1571 adhuc
1127 1529 1258 1572 debiti
1292 1543 1410 1573 reum

174 1618 396 1660 tenemus,
429 1608 502 1660 qui
527 1607 715 1649 nondum
740 1608 1015 1649 declaraveris
1042 1611 1158 1660 quod
1183 1609 1411 1663 quaereba-

183 1697 306 1735 mus,
331 1695 459 1735 quare
483 1693 603 1723 tuum
629 1683 720 1735 ipse
738 1681 1089 1736 Metaphysicum
1110 1685 1296 1731 libellum
1321 1699 1412 1730 non

183 1761 391 1811 edideris;
426 1759 634 1810 siquidem
667 1770 778 1801 nova
800 1758 994 1801 doctrina
1018 1761 1078 1801 nil
1101 1762 1310 1814 eJ'usmodi
1333 1763 1414 1808 tibi

176 1836 354 1887 attulit,
395 1847 482 1887 quo
528 1844 629 1876 tuus
667 1834 746 1875 tibi
788 1833 932 1878 foetus
973 1843 1048 1878 aut
1079 1835 1374 1881 reformandus
1391 1869 1410 1892 ,

182 1920 257 1952 aut
281 1910 539 1952 abdicandus
555 1940 571 1962 9
602 1910 831 1955 videretur.

235 1988 312 2030 W.
346 1987 395 2029 Id
418 1986 586 2039 quidem
613 1996 768 2040 sponte
789 1986 1018 2041 intelligere
1038 1990 1240 2042 poteratis
1268 2003 1317 2034 ex
1334 2004 1414 2045 eo,

179 2063 299 2116 quod
328 2062 445 2113 dixi,
474 2074 540 2103 me
563 2062 606 2104 in
627 2061 865 2104 Literarum
887 2064 1124 2107 cathedram
1149 2068 1416 2122 traductum,

182 2137 228 2184 in
254 2138 405 2191 primis
445 2139 568 2180 etiam
604 2140 717 2182 hunc
748 2142 1093 2185 commutationis
1124 2142 1315 2193 fructum
1349 2155 1420 2189 ce-

179 2215 454 2268 pisse,quod
477 2229 542 2258 me
562 2216 694 2258 libelli
714 2218 830 2259 illius
859 2220 1005 2261 edendi
1028 2221 1274 2266 necessitate
1297 2224 1420 2265 solu-

180 2300 271 2332 tum
298 2291 496 2337 viderem.
555 2292 686 2347 Quod
708 2295 845 2337 multo
868 2296 990 2337 etiam
1019 2298 1150 2350 magis
1174 2309 1327 2349 postea
1351 2301 1418 2342 sic

181 2365 368 2420 judicavi
382 2379 399 2418 ξ
418 2379 546 2419 quum
559 2377 648 2411 tota
661 2368 885 2412 Germania
899 2372 1088 2414 tumultu
1105 2372 1318 2417 Kantiano
1332 2378 1423 2430 agi·

179 2450 338 2483 taretur
356 2471 370 2493 a
387 2452 426 2483 et
452 2446 573 2496 pauci
598 2448 781 2490 veterani
799 2478 813 2498 ‚
831 2448 1032 2493 adversus
1068 2449 1415 2498 innumerabilem

178 2516 442 2562 novitiorum
466 2521 813 2577 multitudinem,
843 2522 1066 2575 pristinam
1097 2526 1414 2580 possessionem

870 2597 915 2642 N
943 2612 971 2655 4
1346 2615 1410 2646 ae-
