1693 3110
391 202 502 247 AD
584 183 1151 249 LYNDEN‘UM.
1294 193 1379 257 '187

152 310 383 381 {notionum
415 331 741 379 temperamento
763 333 804 365 et
825 323 949 376 quasi
974 331 1124 365 mutuo
1146 317 1250 365 tritu
1267 353 1282 374 ‚
1311 331 1378 366 to‘-

161 412 204 446 ta
229 401 517 456 cognoscendi
543 400 724 442 facultas
750 401 986 452 excolitur,
1013 399 1309 451 modificatur,
1340 407 1383 441 et

157 480 215 522 ad
250 491 454 522 novarum
486 489 622 520 rerum
657 475 943 518 inventionem
978 477 1217 519 instruitur.
1283 476 1382 519 Nos

160 565 298 599 autem
336 556 443 597 hanc
480 554 590 595 viam
623 551 648 593 ὲ.
682 550 900 604 prioribus
933 549 1207 603 philosophis
1238 560 1385 593 osten-

163 645 251 675 sam
280 641 321 674 et
353 629 590 672 accuratius
628 626 888 677 ordinatam,
918 638 1032 668 nunc
1069 626 1316 668 brevissime
1337 639 1387 669 ac

169 707 408 765 summatim
446 705 686 753 retulimus,
744 702 859 744 Haec
899 712 964 744 est
1002 704 1232 756 ἐννοιογονίρι
1265 713 1389 746 natu.

158 799 252 838 rae,
280 788 493 828 notionum
515 782 741 839 generatio
765 779 1001 823 naturalis.

212 863 308 907 PH.
340 862 398 904 Et
432 874 495 903 res
530 861 633 902 mihi
666 860 803 914 placet
833 869 875 901 et
904 868 1074 909 nomen,
1132 858 1212 901 Sed
1235 871 1315 901 rem
1339 870 1388 902 tu

163 939 359 992 deinceps
397 951 493 980 cum
534 937 677 979 Kantii
705 936 944 990 Categoriis
980 922 1259 988 comparabis,
1320 935 1390 977 Ad

158 1027 314 1060 nomen
348 1025 486 1057 autem
524 1013 607 1056 hoc
646 1014 690 1055 in
723 1023 900 1054 mentem
939 1013 1042 1054 mihi
1065 1013 1179 1056 venit
1218 1013 1391 1055 Kantia-

162 1093 207 1135 ni
231 1091 420 1134 nominis
446 1093 703 1145 mogoniae,
727 1102 812 1142 quo
839 1090 1023 1131 eamdem
1049 1101 1131 1129 rem
1155 1099 1387 1142 notarunt,

162 1168 360 1222 quamvis
392 1168 442 1209 ab
481 1180 526 1209 ea
559 1167 695 1209 alieno
714 1197 729 1218 ,
760 1178 837 1208 nec
869 1169 1112 1216 notionum,
1142 1166 1214 1207 sed
1239 1168 1392 1207 mentir-

162 1243 470 1297 generationem
526 1241 810 1296 significante.
894 1242 952 1284 Et
995 1243 1111 1294 quod
1147 1242 1240 1296 ipse
1282 1243 1391 1284 dixit

162 1320 434 1364 Germanicis
457 1321 590 1362 literis
621 1334 828 1363 noumena
854 1321 897 1362 id
929 1329 992 1362 est
1015 1321 1232 1374 νοούμενα,
1261 1322 1392 1364 imel-

157 1396 376 1452 lt'gibilicz,
410 1397 505 1438 inde
537 1398 708 1449 νεύμενκ
735 1396 927 1438 fecerunt
960 1397 1129 1449 quidam
1166 1400 1257 1452 eius
1298 1401 1390 1441 cui-

163 1483 306 1526 tores;
341 1484 388 1514 ut
412 1486 485 1514 eos
517 1477 736 1526 νουμηνία,
770 1473 1062 1525 novilunium,
1095 1476 1286 1517 voluisse
1312 1489 1392 1528 pu<

161 1558 257 1602 tes;
289 1559 330 1591 et
361 1550 460 1591 mali
500 1550 558 1592 sit
593 1551 781 1602 omlnis,
813 1552 837 1592 ἒι
868 1550 1086 1605 cogitandi
1120 1553 1251 1594 verbo
1277 1552 1395 1596 aber·

161 1637 295 1668 rasse.
367 1626 463 1679 lpse
496 1627 765 1670 Dialecticam
812 1631 992 1681 antiquo
1030 1631 1284 1684 cognomine
1315 1652 1393 1677 κω-

160 1703 362 1753 θαρτικὸν,
408 1701 440 1743 i.
483 1713 520 1742 e.
563 1701 794 1743 remedium
829 1714 1053 1758 purgans,
1094 1705 1276 1759 dictam,
1317 1722 1393 1749 ca-

159 1779 402 1819 tharcticon
423 1777 599 1828 dicens,
634 1786 834 1830 arctum,
869 1788 915 1819 ut
940 1779 1022 1820 sibi
1047 1781 1267 1824 domicilio
1291 1797 1397 1826 con·

155 1855 380 1910 junctam,
430 1862 470 1894 et
506 1853 637 1907 magis
667 1855 913 1907 cognitam,
954 1856 1168 1909 cogitasse
1202 1859 1385 1911 vitietur,

159 1928 410 1981 Categoriae
443 1938 585 1970 autem
626 1940 781 1970 nomen
818 1929 868 1970 ab
914 1931 1146 1974 Aristotele
1189 1947 1390 1988 sumens,

159 2005 337 2048 mirifice
373 2017 468 2046 eum
509 2005 801 2058 reprehendit,
846 2007 962 2058 quod
1003 2020 1214 2062 perperam
1250 2012 1392 2053 decem

161 2082 258 2123 illas
291 2080 542 2135 Categorias,
578 2082 825 2133 statuisset,
857 2090 898 2123 et
933 2082 1001 2124 his
1027 2095 1175 2136 postea
1199 2088 1395 2139 quinque

161 2158 265 2199 alias
291 2158 543 2212 adjecisset3
576 2166 728 2198 temere
768 2157 858 2209 ipse
901 2157 1152 2213 Categorias
1188 2171 1230 2202 et
1270 2164 1395 2205 Cate-

157 2247 420 2290 gorumerza,
457 2234 635 2276 scienter
661 2234 711 2275 ab
736 2234 967 2275 Aristotele
990 2234 1242 2289 distinctaS,
1273 2251 1395 2282 com-2.

161 2309 327 2350 miscet⁰
401 2308 626 2362 Omnino,
670 2310 779 2350 ultra
815 2320 938 2361 quam
972 2308 1288 2364 Philosophum
1326 2316 1396 2356 de-

162 2392 230 2424 cet
251 2412 267 2433 ,
297 2381 465 2424 Literae
496 2383 532 2426 ei
565 2383 820 2435 defuerunt3
865 2394 910 2424 ut
947 2383 989 2425 in
1021 2384 1215 2429 Historia
1251 2389 1395 2432 Philou

163 2458 342 2511 sophiae
377 2459 449 2502 vix
487 2472 616 2513 supra
649 2460 862 2514 Spinozae
909 2470 948 2502 et
992 2461 1176 2504 Cartesii
1216 2473 1392 2507 aetatem

154 2550 414 2610 progressus
450 2539 656 2584 videatur.
718 2539 807 2595 Qui
854 2539 891 2582 si
918 2540 1079 2595 priores
1112 2550 1154 2591 et
1186 2542 1392 2595 antiquos

1324 2628 1403 2664 ch
