1693 3110
511 189 1173 240 PARENTAle
1376 205 1459 261 3η

294 319 413 366 Haec
442 327 501 360 cst
518 315 700 371 feminei
728 327 883 359 merces
911 325 1107 358 extrema
1135 314 1375 371 triumphi,

346 398 526 442 Laudat
553 397 626 440 ubi
654 398 875 439 emeritum
903 395 1044 440 libera
1063 394 1196 449 fama
1225 408 1391 450 rogum.

291 529 389 577 vn.
444 529 587 573 Nobis
620 540 721 571 vero
760 527 891 582 hujus
928 526 1154 580 parentalis
1188 523 1454 580 argumenti,

235 615 443 661 quantum
468 604 732 647 absolvimus
747 631 762 655 ,
786 612 952 646 tantum
973 600 1232 653 succrescit3
1255 601 1357 642 adeo
1379 604 1469 652 per·

233 682 315 724 hos
350 694 482 724 annos
525 681 754 723 amicorum
803 677 949 720 funera
993 676 1262 720 continuavit
1294 675 1449 720 fatum.

235 757 407 801 Occidit
439 769 480 799 et
505 757 700 812 Heynius
727 765 767 798 et
792 755 1030 800 Larcherus
1047 785 1062 805 ,
1094 759 1272 806 uterque
1295 750 1462 795 saecul!

236 837 391 880 decus:
412 837 662 880 occiderunt
685 835 789 878 clari
814 835 1005 878 doctrina
1028 834 1108 876 viri
1134 833 1302 887 plures:
1324 832 1462 875 Char·

233 913 374 956 donus
398 912 685 955 Rochettius:
713 911 897 967 Joannes
925 909 1203 963 Randolphus
1235 910 1290 955 V.
1320 910 1365 952 S.
1396 908 1461 966 R,

233 986 483 1039 Episcopus
519 987 836 1039 Londinensis,
864 986 1079 1029 Plutarchi
1111 985 1246 1028 nostri
1273 983 1456 1037 sospita·¹

231 1070 325 1105 tor:
358 1070 446 1102 tum
470 1072 628 1104 veteres
653 1062 792 1104 nostri
822 1062 1013 1113 sodales,
1051 1061 1251 1112 pueritiae
1278 1059 1448 1113 Ithius,

231 1139 537 1181 adolescentiae
575 1149 616 1180 et
648 1139 957 1181 Plniomathiae
996 1137 1264 1190 Wagnerus,
1307 1135 1457 1188 proxi-

231 1225 324 1256 mae
362 1223 403 1255 et
441 1214 659 1266 sequentis
696 1214 839 1256 aetatis
873 1212 1126 1266 Paradysius
1161 1220 1202 1254 et
1235 1211 1461 1273 Temmin-h

231 1290 386 1342 ckius,
418 1291 488 1331 ille
513 1291 637 1332 etiam
664 1301 704 1335 et
731 1291 895 1344 collega
929 1299 970 1331 et
1002 1289 1191 1331 medicus
1212 1298 1385 1342 noster,
1415 1296 1458 1331 et

231 1368 380 1410 multis
419 1368 743 1410 consuetudinis
789 1378 1121 1419 sermonumque
1166 1366 1452 1410 suavitatibus

232 1443 362 1487 nobis
384 1457 522 1488 carus,
582 1444 752 1499 Quibus
774 1444 813 1486 si
836 1457 959 1486 suum
980 1443 1136 1495 cuique
1157 1443 1345 1483 debitum
1365 1427 1457 1491 offif

228 1521 344 1563 cium
371 1520 452 1561 hoc
477 1520 521 1562 in
550 1520 662 1563 libro
686 1529 977 1573 praestemus,
1008 1531 1101 1562 eum
1123 1520 1243 1573 justo
1261 1529 1302 1560 et
1324 1519 1457 1561 serio·

232 1583 315 1642 vrem
351 1607 391 1638 et
419 1598 654 1652 longiorem
679 1599 935 1641 emittamus.
996 1598 1146 1652 Itaque
1181 1597 1278 1651 pios
1313 1610 1454 1641 manes

233 1675 530 1728 deprecamur,
561 1683 608 1715 ut
630 1673 706 1716 hac
730 1673 845 1716 brevi
870 1674 1080 1715 mentione
1099 1674 1320 1725 contenti,
1352 1673 1458 1715 ube-

232 1752 385 1795 riorem
421 1751 548 1793 nobis
577 1761 648 1793 aut
681 1753 924 1803 remittant,
954 1760 1026 1793 aut
1061 1750 1106 1793 in
1139 1751 1253 1792 aliud
1286 1746 1454 1805 tempus

234 1826 402 1870 differre
438 1827 701 1880 permittant⁰
761 1828 912 1881 Neque
946 1829 1069 1869 etiam
1091 1824 1252 1871 ‘nostro
1286 1823 1459 1886 praeco{

232 1905 307 1947 nio
340 1905 560 1958 indigent,
593 1904 677 1958 ipsi
711 1917 789 1946 sua
814 1917 860 1947 se
890 1904 1106 1947 doctrinae
1125 1903 1235 1946 fama
1258 1913 1456 1956 tuentes,

234 1982 308 2024 cui
333 1983 637 2035 comparandae
670 1981 774 2023 satis
798 1982 893 2032 villis
928 1981 1104 2035 longum
1141 1980 1249 2022 vitae
1273 1970 1457 2033 spatium

235 2056 471 2112 superfuit.
545 2058 604 2099 Et
642 2070 742 2099 vero
776 2069 858 2100 nos
892 2068 1104 2110 quemque
1135 2069 1278 2100 eorum
1313 2058 1460 2101 vivum

233 2136 327 2179 aliis
355 2135 561 2177 librorum
584 2142 828 2177 nostrorum
858 2133 967 2175 locis
1001 2128 1460 2186 commemoravimus,

236 2220 278 2252 et
305 2222 410 2263 quae
442 2212 660 2265 cujusque
695 2211 745 2252 de
780 2207 938 2252 Literis
975 2209 1120 2253 merita
1146 2219 1316 2260 essent,
1349 2221 1458 2263 quae

230 2276 465 2330 'nobiscum
513 2286 813 2339 necessitudo,
856 2282 1207 2339 significavimus,
1273 2282 1460 2344 Quidam

240 2361 364 2404 etiam
392 2362 560 2415 publice
586 2363 765 2405 disertos
791 2361 1026 2403 laudatores
1050 2361 1162 2405 nacti
1185 2370 1312 2404 sunt:
1347 2362 1464 2413 Hey-

246 2439 344 2482 nius
368 2438 649 2493 Heerenium,
681 2440 918 2483 Larcherus
956 2438 1310 2492 Boissonadium,
1340 2439 1465 2482 Para-

244 2514 397 2570 dysius
419 2514 611 2573 Tollium
634 2526 847 2569 nostrum,
906 2516 1019 2561 Haec
1043 2528 1159 2562 nunc
1183 2516 1403 2561 hactenus,
1438 2569 1441 2572 ¹

664 2598 667 2601 ·
960 2586 985 2590 ”
1020 2589 1026 2592 ’
1066 2588 1068 2590 ’
1332 2581 1472 2642 vm„
