1693 3110
459 187 793 236 PHAEDoNJs
830 166 1175 241 &LAToNJcL
1367 213 1449 258 ως»,

229 322 332 356 vero
347 343 362 365 ‚
386 320 597 367 tamquam
624 315 766 367 pisces
789 314 832 356 in
849 316 1068 368 profundo
1087 317 1216 371 mari,
1239 319 1296 361 ita
1320 316 1363 360 in
1386 322 1451 365 in.

226 389 329 433 fimo
352 391 440 432 ae're
471 391 690 445 degimusz
722 391 848 444 pauci
872 402 999 446 caput
1031 388 1208 439 efferunt
1235 396 1278 439 in
1303 398 1448 450 purio-

225 479 310 509 rem
348 469 578 520 aetherem3
613 468 755 510 omnia
781 469 896 522 apud
921 482 1001 512 nos
1042 484 1184 515 crassa
1217 485 1263 515 ac
1294 482 1454 520 terrena

225 554 359 596 sunt,
390 543 562 586 hebetes
585 555 768 597 sensus,
801 544 915 589 tarda
950 544 1254 601 intelligentia,
1278 548 1338 593 nil
1358 561 1456 593 vere

225 622 474 676 sincereque
495 621 709 667 bonum.''

282 697 351 742 Ex
372 697 541 751 Repub.
571 699 641 743 Χῖ
673 699 773 742 Duo
811 708 913 742 sunt
936 698 978 741 in
1004 700 1142 753 terra,
1175 699 1315 755 iisque
1338 704 1360 745 e
1390 716 1455 747 re-

226 772 354 828 gione
377 777 569 828 oppositi
592 777 678 818 duo
701 776 743 819 in
765 777 911 828 coelo,
931 776 1070 817 hiatus
1085 806 1100 828 ,
1124 788 1197 829 per
1218 789 1328 828 quos
1352 781 1454 822 Ani-

226 861 320 892 mae
344 852 604 895 adscendunt
638 865 685 895 ae
721 852 1001 895 descendunt.
1063 854 1112 894 In
1140 851 1290 895 horum
1317 855 1456 897 medio

222 927 368 969 sedent
384 927 584 981 Judices,
617 929 692 981 qui
718 929 769 971 de
796 927 1035 973 Animabus
1056 926 1282 980 judicant,
1314 928 1454 982 iisque

225 1002 348 1056 signa
370 1004 528 1047 addunt
549 1004 654 1046 bene
681 1004 748 1047 vel
781 1003 887 1045 male
920 1002 1157 1044 factorum:
1192 1004 1282 1055 pias
1309 1005 1362 1047 ad
1385 1007 1458 1048 de-

224 1087 381 1120 xteram
407 1091 578 1121 sursum
595 1110 610 1131 ‚
643 1079 796 1132 impias
819 1078 870 1121 ad
894 1077 1110 1120 sinistram
1146 1079 1341 1120 deorsum
1380 1081 1455 1121 ab·

223 1152 379 1205 legant.
438 1153 660 1197 Circuitus
686 1155 932 1199 Animarum
960 1153 1007 1195 fit
1033 1153 1147 1195 mille
1168 1154 1315 1196 annis:
1344 1167 1454 1208 quae

225 1230 336 1273 mala
359 1230 692 1282 commiserunt,
725 1229 913 1274 centenis
949 1229 1194 1282 quibusque
1229 1231 1350 1273 annis
1374 1244 1457 1284 pu.

225 1305 436 1359 niuntur3
471 1313 519 1348 ut
551 1306 657 1347 male
693 1304 804 1348 facta
843 1305 981 1348 decies
1018 1306 1165 1356 luant,
1198 1308 1234 1347 si
1269 1307 1313 1348 in
1348 1309 1456 1352 alios

222 1383 349 1424 caede
372 1381 672 1436 injustitiaque
705 1381 961 1424 saevierintz
997 1381 1134 1423 eadem
1167 1383 1327 1424 ratione
1352 1383 1458 1427 boni

223 1456 331 1499 bene
352 1454 563 1499 factorum
590 1458 770 1510 praemia
796 1458 933 1499 decies
957 1457 1191 1511 accipiunt.
1237 1457 1320 1499 Sed
1344 1469 1450 1501 sunt

229 1532 489 1574 insanabiles
517 1543 691 1584 quoque
721 1532 927 1584 malefici,
960 1544 1142 1585 quorum
1170 1544 1305 1584 poena
1340 1535 1457 1579 mille

226 1619 432 1650 annorum
457 1606 643 1648 circuitu
670 1620 757 1650 non
783 1607 1048 1659 absolvitur,
1073 1607 1147 1649 sed
1171 1608 1368 1661 deinceps
1388 1611 1457 1652 in-

228 1691 469 1733 stauratur,
508 1683 644 1724 veluti
685 1684 910 1738 sacrilegi,
957 1683 1155 1736 tyranni,
1197 1692 1237 1724 et
1271 1685 1455 1728 similes.

224 1759 475 1810 Caeterum,
506 1758 683 1812 expletis
713 1759 829 1800 mille
852 1758 1004 1810 annis,
1041 1759 1217 1800 Animae
1241 1762 1456 1803 ducuntur

223 1836 275 1877 ad
299 1834 565 1877 sortitionem
592 1846 797 1877 novarum
820 1833 1030 1876 vitarum:
1055 1834 1128 1875 ubi
1147 1835 1324 1877 maxime
1345 1849 1455 1889 opus

225 1920 293 1952 est
320 1909 518 1963 prudenti
541 1909 756 1962 consilio;
789 1921 842 1952 ne
866 1909 1007 1962 speeie
1038 1910 1234 1962 deceptae
1270 1912 1454 1965 pejorem

226 1987 358 2032 vitam
384 1985 550 2027 meliori
570 1994 845 2037 anteponant.
905 1984 1134 2036 Pleraeque
1157 1994 1295 2027 tamen
1320 1989 1460 2032 studia

226 2061 384 2116 prioris
425 2062 535 2106 vitae
570 2070 813 2113 sequuntur
844 2059 890 2101 in
927 2058 1132 2101 electione
1169 2072 1304 2101 novae
1327 2060 1453 2108 vitae,

226 2137 508 2190 Posteaquam
530 2137 638 2179 vitas
654 2135 1214 2189 elegerunt‚abducuntura
1233 2147 1314 2176 suo
1340 2146 1464 2186 quae·

232 2226 316 2266 que
334 2212 475 2255 Genio
493 2213 537 2256 in
557 2213 781 2264 Corpora:
800 2211 918 2264 prius
937 2221 1149 2262 permeant
1169 2210 1327 2252 Lethes
1348 2223 1464 2253 cam-

236 2300 339 2342 pum
370 2301 416 2330 ac
444 2288 649 2331 fluvium:
684 2300 733 2329 ex
767 2299 855 2339 quo
878 2296 928 2328 ut
960 2287 1093 2340 magis
1129 2287 1325 2328 minusve
1352 2287 1468 2327 bibeq

240 2373 371 2414 runt,
404 2364 461 2406 ita
489 2377 624 2408 rerum
650 2373 746 2406 ante
769 2372 953 2404 actarum
980 2362 1221 2403 memoriam
1248 2362 1465 2405 amittunt-

235 2439 328 2482 Nec
355 2452 455 2482 vero
484 2450 644 2483 tantum
672 2440 893 2482 hominum
921 2438 1030 2481 vitas
1057 2438 1140 2480 sibi
1165 2437 1331 2490 eligunt
1361 2436 1471 2477 Ani=

240 2526 363 2578 mae,
396 2516 472 2566 sed
494 2514 713 2561 brutorum
747 2527 935 2571 quoque.
995 2513 1163 2560 Genius
1197 2522 1335 2558 autem
1362 2522 1472 2554 suus

1393 2597 1487 2630 cul*
