1693 3110
295 215 374 260 DE
402 212 918 261 IMMORTALITATE
948 216 1145 262 ANIMI.
1242 209 1328 272 647

122 337 175 381 ab
200 333 342 380 Animi
365 338 508 381 divina
530 339 717 393 origine,
745 337 823 381 Dei
849 341 1144 392 providentia,
1173 349 1214 384 et
1228 337 1328 383 Ani·
1347 331 1502 414 &gia-t}
1556 383 1573 400 ο

122 426 287 455 morum
323 415 492 467 propria
527 415 569 457 vi
613 416 791 470 agendi,
821 416 1066 459 ducunturt
1094 417 1331 469 adJ'umenta

125 490 177 531 ab
214 489 310 531 aliis
341 490 643 543 philosophis,
674 492 802 533 veluti
826 478 1115 544 Peripatetids
1152 504 1199 534 ac
1223 490 1338 533 Stoi-

127 563 224 616 cis,
255 572 434 606 sumeret
462 575 588 618 atque
615 565 658 608 in
683 567 853 610 eundem
895 566 1017 609 finem
1043 575 1333 612 converteret:

131 640 312 693 praemia
334 652 576 694 poenasque
599 642 822 696 probaret,
852 629 923 683 illa
959 641 1002 685 in
1027 641 1162 684 reditu
1192 641 1242 683 ad
1264 641 1342 683 Di-

131 715 276 758 vinum
300 716 442 758 locum
465 720 660 769 p'oneret,
691 717 764 760 has
801 718 845 765 in
872 716 1061 760 absentia
1089 717 1208 758 illius
1233 714 1343 757 boni

136 799 177 831 et
212 791 543 834 commoratione
572 792 730 835 circum
764 801 939 845 terram,
970 792 1027 834 ita
1058 800 1107 834 ut
1137 791 1344 845 improbis

135 873 271 907 tamen
306 879 533 919 poenarum
566 867 663 909 finis
705 881 752 909 ac
786 868 941 915 reditus
965 869 1018 912 ad
1053 867 1258 913 Divinum
1284 867 1349 909 lo-

133 951 235 985 cum
263 942 490 996 aliquando
511 955 740 986 concessus
762 943 836 988 sit.

475 1091 504 1135 S
561 1093 600 1136 E
658 1093 696 1137 C
756 1093 813 1138 T.
913 1093 954 1136 X
981 1092 1018 1139 Ι.

338 1237 409 1280 ‚De
429 1240 528 1284 aliis
553 1252 653 1286 ante
674 1244 870 1287 Senecam
890 1241 1164 1300 Philosophis.

138 1408 142 1414 ¹
204 1393 469 1449 Quamquam
500 1392 802 1447 Philosophiae
830 1395 944 1446 apud
979 1389 1199 1437 Romanos
1232 1387 1367 1434 stator
1385 1399 1553 1451 seen-im

143 1466 234 1511 fuit
268 1469 452 1521 Cicero,
493 1478 534 1511 et
570 1481 620 1511 ex
652 1469 735 1520 iis,
789 1469 969 1520 quorum
1003 1466 1161 1521 scripta
1202 1477 1366 1509 servata
1387 1446 1521 1519 ἰξῧίῗὲῖῗ

153 1553 282 1595 sunt,
313 1544 352 1585 ei
375 1545 432 1586 sit
454 1542 670 1595 proximus
695 1551 827 1584 aetate
850 1545 891 1583 et
913 1542 1163 1584 auctoritate
1182 1539 1335 1585 Seneca
1351 1572 1367 1595 ,

151 1617 329 1661 fuerunt
359 1628 496 1663 tamen
544 1628 585 1661 et
630 1617 738 1661 inter
773 1627 1001 1670 utrumque
1034 1627 1074 1660 et
1111 1626 1208 1662 ante
1247 1617 1369 1660 illum

157 1693 268 1736 haud
305 1695 430 1747 pauci
465 1693 747 1746 Philosophi,
782 1692 857 1744 qui
890 1692 955 1734 vel
991 1693 1161 1735 nomine
1181 1705 1227 1734 ac
1255 1692 1370 1736 secta

156 1770 411 1811 memorandi
434 1779 563 1820 sunt3
596 1777 644 1810 ut
674 1766 962 1820 intelligatur,
994 1780 1106 1821 quos
1141 1768 1373 1821 qualesque

158 1852 364 1896 patronos
400 1845 497 1891 haec
533 1844 653 1896 ipsa,
683 1843 733 1885 de
770 1847 856 1895 qua
893 1842 1088 1899 agimus,
1118 1842 1374 1886 Immortali-

155 1919 255 1960 tatis
279 1920 483 1962 sententia
507 1917 713 1969 habuerit,

219 1994 354 2049 Igitur
375 1995 448 2048 qui
471 1995 596 2048 primi
618 1993 905 2037 Romanorum
929 1994 1220 2048 philosophati
1245 2003 1374 2048 sunt,

161 2068 248 2111 fere
271 2070 403 2112 Stoici
427 2069 611 2114 fuerunt.
666 2068 774 2111 Nam
798 2069 933 2112 nobili
955 2069 1028 2112 illa
1053 2070 1374 2115 Atheniensium

157 2144 399 2198 legatione,
444 2145 694 2199 Olympiade
737 2144 890 2188 CLVI.
933 2157 1044 2188 anno
1067 2157 1110 2191 2.
1147 2156 1188 2188 s.
1225 2146 1280 2191 A.
1316 2147 1376 2194 U.

165 2219 226 2262 C.
251 2222 362 2274 598,
394 2221 572 2265 Romam
597 2222 728 2263 missa
746 2253 760 2273 ‚
794 2223 918 2276 cujus
943 2222 1070 2263 duces
1096 2221 1268 2265 fuerunt
1297 2233 1381 2266 tres

168 2294 297 2336 trium
348 2307 557 2341 sectarum
603 2298 816 2352 principes
841 2326 856 2348 ,
905 2295 1117 2351 Diogenes
1177 2297 1385 2351 Stoicus,

173 2370 407 2413 Carneades
444 2375 719 2417 Academicus
742 2403 758 2425 ‚
796 2372 1014 2416 Critolaus
1049 2373 1374 2427 Peripateticusz

178 2446 246 2487 his
281 2446 410 2501 igitur
445 2447 617 2503 Legatis
649 2449 806 2491 Romae
836 2447 1156 2502 Philosophiam
1193 2449 1381 2493 docenti-2

179 2521 284 2576 buS,
317 2523 373 2575 C.
396 2524 570 2575 Laelius
591 2525 635 2569 in
657 2524 806 2582 primis
829 2522 1060 2577 Diogenem
1094 2524 1282 2569 Stoicum
1310 2536 1385 2566 aua

781 2596 907 2654 854
1321 2599 1387 2648 di-
