1693 3110
293 162 375 206 492
433 137 790 188 DISPUTATIO
819 137 900 183 DE
933 136 1205 182 UNITATE
1237 139 1356 184 DEI.

287 269 572 314 voluntatem,
604 261 676 303 sed
696 273 830 303 rerum
857 269 1074 312 naturam,
1105 269 1318 304 accusent.
1358 261 1486 314 Apud

288 354 353 384 me
379 339 544 391 quidem
578 345 618 377 et
651 337 856 389 plurimos
890 336 995 378 alios
1030 332 1284 376 satishabet
1312 336 1495 377 auctori-

287 407 386 457 tatis
411 414 479 454 illa
505 412 737 462 evidentia,
770 422 893 462 quam
924 411 1012 451 sive
1047 407 1379 460 probabilitatem
1407 409 1498 451 sive

285 487 690 531 verisimilitudinem
726 495 908 535 vocent,
941 485 992 525 de
1028 482 1196 526 nomine
1219 483 1384 533 quidem
1409 494 1498 530 non

286 563 532 619 repugnabo
552 575 563 602 ι
598 561 694 602 dum
717 559 975 610 concedant,
1000 559 1044 600 in
1067 571 1110 599 ea
1134 566 1287 599 tantam
1316 569 1407 600 esse
1427 557 1498 602 fir-

287 640 472 682 mitatem
489 666 504 688 ,
535 644 689 687 quanta
719 634 764 676 in
791 632 1036 676 certissimis
1072 632 1411 684 firmissimisque
1438 644 1499 675 re-

285 715 367 757 bus
391 711 613 763 humanis,
639 719 678 751 et
697 717 852 761 quanta
877 708 1014 760 possit
1034 719 1125 748 esse
1147 707 1216 749 illa
1231 738 1245 759 ‚
1270 720 1375 760 quae
1393 720 1496 760 pro-

283 789 395 842 xime
428 788 479 828 ad
504 785 842 834 Mathematicam
877 782 1166 824 necessitatem
1195 784 1377 824 accedat.
1435 781 1499 823 Et

285 877 385 908 vero
407 872 515 905 recte
547 861 597 904 ad
623 860 715 902 Vos
743 868 835 900 utar
854 857 1043 899 Platonis
1063 858 1249 901 oratione
1264 888 1279 910 ‚
1306 868 1410 910 quae
1434 864 1500 898 est

287 941 400 993 apud
438 937 714 983 Ciceronem:
760 963 787 985 ,‚
808 931 1026 986 Quocirca
1051 931 1085 972 si
1099 931 1220 985 forte
1241 931 1290 972 de
1311 931 1502 973 Deorum

291 1046 320 1069 ,‚
351 1025 513 1057 natura
539 1022 715 1068 ortuque
729 1009 875 1051 mundi
887 1008 1133 1052 disserentes
1148 1037 1162 1058 2
1184 1008 1319 1048 minus
1332 1005 1504 1062 idquod

289 1120 319 1144 „
347 1092 570 1141 habemus,
601 1092 742 1132 animo
774 1086 1090 1142 consequimur,
1120 1091 1169 1123 ut
1197 1091 1286 1124 tota
1316 1081 1506 1130 dilucide

292 1198 321 1223 ,,
350 1176 389 1208 et
406 1167 535 1224 plane
561 1172 771 1208 exornata
800 1164 938 1205 oratio
962 1160 1041 1203 sibi
1065 1166 1250 1210 constet,
1281 1167 1320 1200 et
1342 1172 1394 1202 ex
1417 1171 1500 1200 om-

295 1273 321 1296 „
354 1245 398 1285 ni
414 1251 545 1297 parte
574 1253 708 1287 seeum
741 1240 834 1293 ipsa
857 1237 1116 1286 consentiat,
1146 1234 1264 1275 haud
1286 1248 1385 1275 sane
1415 1237 1503 1275 erit

293 1350 330 1376 2,
361 1320 545 1359 mirum:
570 1314 831 1368 contentique
859 1323 940 1351 esse
963 1307 1161 1351 debebitis
1177 1337 1191 1358 ‚
1207 1308 1242 1347 si
1255 1308 1501 1371 probabilia

292 1425 326 1449 „
356 1394 564 1436 dicentur.
624 1389 817 1444 Aequum
837 1395 897 1427 est
920 1388 1027 1426 enim
1053 1384 1309 1435 meminisse,
1339 1393 1379 1424 et
1407 1398 1499 1437 me,

291 1498 328 1528 2,
360 1470 431 1523 qui
444 1465 647 1506 disseram
665 1493 679 1513 ‚
705 1463 908 1503 hominem
926 1473 1008 1501 esse
1024 1489 1039 1511 ‚
1056 1468 1095 1499 et
1105 1471 1172 1502 vos
1184 1459 1258 1514 qui
1264 1457 1466 1510 judicetis
1479 1472 1498 1499 .·

296 1576 330 1602 ,2
361 1553 408 1588 ut
427 1546 464 1586 si
477 1541 719 1603 probabilia
742 1539 939 1585 dicentur
953 1568 968 1595 ‚
989 1538 1056 1589 m'l
1073 1536 1194 1580 ultra
1207 1533 1498 1594 requiratisq’ffi

1371 2535 1503 2589 DIS:¹
