1693 3110
159 309 249 343 θεοῖ.
273 309 313 343 V.

98 352 310 388 Academici.

95 394 266 428 xenocra-

95 444 163 471 m-

153 1290 312 1327 Crantor.

330 190 416 235 600
623 186 1238 234 DISPUTATIO

334 323 415 364 que
441 311 520 353 sub
548 311 774 355 Aeschinis
796 312 967 355 nomine
986 311 1135 354 fertur.
1166 312 1395 364 Pei-peram.
1427 311 1536 361 Nam

331 387 476 439 potius
515 386 740 439 Sophistae
774 388 915 429 stilum
958 389 1140 440 redolet,
1171 401 1245 429 nec
1280 401 1374 429 cum
1400 387 1539 429 Xeno·

332 462 461 503 cratis
484 462 688 505 sententia
725 462 827 505 satis
849 464 1063 506 convenit.
1126 464 1206 504 Hic
1233 464 1426 516 quidem,
1456 463 1535 516 Py-

332 538 630 591 thagoreorum
655 551 797 591 more,
823 539 1025 581 Animam
1051 541 1167 583 dixit
1189 552 1270 580 esse
1292 551 1538 588 numerum,

330 615 406 669 qui
431 626 472 654 se
493 616 579 671 ipse
602 624 793 659 moveat:
818 627 991 667 eamque
1013 614 1061 656 ab
1090 616 1205 656 omni
1223 613 1353 667 figura
1383 622 1423 655 et
1447 623 1538 653 cor·

330 690 460 740 porea
496 691 764 732 concretione
789 701 985 732 remotam
1013 701 1104 733 esse
1131 689 1366 732 statuebat:
1402 697 1448 729 ut
1479 698 1540 726 ro-

328 761 410 806 fert
441 764 594 806 Cicero
626 765 763 808 TuSC.
790 765 823 808 Ι.
860 779 922 808 10.
954 765 1025 806 ubi
1061 765 1178 817 plura
1217 764 1327 806 dedit
1371 767 1433 805 lo.
1460 762 1542 803 Da-

330 839 491 882 visius:
524 851 619 881 cum
647 853 734 893 quo
755 841 1075 896 conjungendus
1102 850 1165 882 est
1185 838 1461 888 Plutarchus,
1493 836 1545 877 de

329 914 476 957 Animi
519 915 811 958 Procreatione
861 915 1093 958 secundnm
1133 915 1346 957 Platonem
1383 913 1425 954 in
1469 910 1546 951 Ti-

327 1001 476 1041 maeo,
509 989 564 1032 T.
593 990 635 1032 11
681 1003 725 1042 p.
754 1004 874 1034 1012.
906 991 961 1034 D.
1021 991 1084 1032 De
1108 991 1258 1033 natura
1282 989 1545 1030 Daemonum

330 1073 374 1106 et
411 1065 674 1108 Animalium
713 1079 885 1119 quoque
916 1067 1202 1120 Pythagoreos
1235 1074 1406 1106 secutus
1449 1071 1544 1114 est;

328 1148 377 1180 ut
407 1149 575 1182 constat
607 1153 656 1182 ex
693 1142 910 1184 Clemente
942 1143 1065 1185 Alex.
1097 1142 1254 1183 Strom.
1278 1139 1332 1182 V.
1375 1151 1419 1191 p.
1442 1147 1538 1190 590.

331 1215 387 1258 C.
419 1215 489 1256 cui
514 1217 690 1258 addatur
711 1217 949 1259 Bruckerus
977 1216 1031 1261 T.
1055 1216 1093 1259 Ι.
1125 1230 1169 1269 p.
1196 1228 1296 1269 739.

388 1290 585 1344 Magnam
637 1291 680 1332 in
729 1291 1006 1344 Philosophia
1053 1291 1343 1332 auctoritatem
1393 1286 1545 1329 habuit

332 1380 494 1411 CRAN
512 1379 625 1408 TOR
644 1395 660 1416 ,
692 1377 786 1406 cum
825 1364 881 1407 ob
907 1365 1108 1417 reliquam
1135 1377 1267 1406 rerum
1294 1363 1544 1414 scientiam,

333 1454 424 1484 tum
455 1442 511 1484 ob
537 1441 693 1482 editum
723 1440 875 1481 librum
906 1439 1028 1492 plane
1056 1439 1265 1493 egregium
1295 1440 1344 1480 de
1376 1439 1545 1481 Conso-

331 1519 520 1569 latione,
555 1527 677 1568 quem
714 1515 884 1557 Veteres
921 1512 1159 1565 frequenter
1189 1523 1228 1554 et
1257 1513 1472 1555 laudarunt
1503 1523 1544 1556 et

331 1592 484 1635 imitati
516 1600 649 1642 sunt,
678 1590 811 1633 veluti
837 1589 1018 1640 Cicero,
1057 1589 1237 1641 Seneca,
1269 1589 1551 1641 Plutarchus,

332 1677 374 1710 et
409 1667 509 1709 alii:
544 1667 617 1720 qui
643 1665 836 1707 dubitare
859 1677 939 1707 nos
966 1676 1051 1707 non
1078 1666 1250 1716 sinunt,
1283 1667 1387 1718 quin
1416 1664 1550 1717 pluri--

334 1755 422 1785 mae
456 1741 706 1784 consolandi
743 1744 923 1783 rationes
957 1740 1006 1781 ab
1045 1740 1293 1782 Animorum
1334 1741 1551 1782 Immorta-

333 1819 451 1860 litate
475 1818 673 1870 repetitae
698 1817 878 1860 fuerint.
951 1815 1202 1859 Sententiam
1231 1818 1320 1871 ejus
1369 1818 1419 1859 de
1453 1817 1555 1858 sub·

335 1894 493 1938 stantia
528 1892 704 1935 Animae
725 1925 740 1946 ,
778 1904 902 1945 quam
927 1904 976 1934 ex
1004 1892 1191 1934 sensibili
1220 1902 1260 1933 et
1293 1890 1552 1945 intelligibili

334 1978 452 2023 parte
486 1977 677 2010 constare
711 1969 879 2021 voluit,
912 1979 960 2011 ut
988 1977 1082 2011 ante
1117 1979 1209 2009 eum
1246 1968 1393 2018 Plato,
1426 1966 1551 2011 refexft

335 2044 588 2087 Plutarchus
624 2045 654 2086 l.
687 2044 762 2088 cit.
808 2044 949 2091 T.l11.
994 2056 1040 2094 p.
1075 2057 1198 2086 1012.
1234 2045 1282 2085 Ο.
1316 2042 1366 2083 F.
1424 2043 1551 2096 Frag-

337 2129 523 2163 mentum
550 2132 598 2160 ex
622 2117 935 2162 Consolatione
964 2128 1097 2161 exstat
1121 2120 1232 2172 apud
1256 2118 1426 2159 eundem
1451 2119 1551 2158 Plu-

333 2195 524 2237 tarchum
557 2195 611 2238 T.
637 2195 691 2237 11.
726 2208 770 2248 p.
803 2208 896 2247 104.
932 2195 968 2237 C
991 2205 1006 2237 '2
1039 2207 1125 2247 quo
1148 2194 1223 2235 hac
1249 2196 1368 2234 etiain
1393 2193 1432 2236 in
1458 2207 1555 2246 par-

334 2279 376 2314 te
413 2283 508 2312 cum
547 2270 720 2313 Platone
753 2271 997 2323 consentit,
1039 2279 1086 2310 ut
1122 2269 1369 2311 Animorum
1407 2282 1559 2311 cortu*

339 2346 527 2400 ptionem
557 2359 606 2390 ex
630 2358 928 2399 corporeorum
959 2347 1160 2392 seminum
1191 2345 1443 2399 contagione
1468 2345 1552 2387 ori·-

337 2422 370 2465 ri
396 2422 524 2464 dicat.

397 2497 508 2551 Sed,
547 2506 592 2539 ut
628 2498 742 2552 dixi,
773 2499 924 2543 horum
965 2498 1153 2543 omnium
1190 2497 1313 2542 libris
1343 2494 1549 2550 perditis,

1450 2580 1549 2616 (ΠΨ
