1693 3110
240 215 333 264 550.
523 195 1174 248 PARENTA-Lm,

250 340 391 373 eorum
421 324 671 368 beneficium
694 335 900 378 generoso
929 325 1071 367 animo
1093 335 1313 378 recusare,
1343 330 1462 369 asse·-

251 417 399 449 verans
445 415 490 444 se
530 402 669 456 ipsum
703 413 819 443 suam
854 411 1009 443 sortem
1040 400 1146 443 ferre
1175 402 1297 445 velle.
1357 403 1457 446 Nos

249 493 341 524 eum
377 478 577 530 hilarare,
608 476 782 519 militiae
815 477 1121 520 oblectamenta
1154 488 1455 521 memorantes:

244 564 461 601 novorum
516 554 774 607 populorum
825 553 1102 607 locorumque
1138 552 1458 606 cognitionem:

251 631 549 687 prouerbium,
582 629 784 682 plurimas
804 628 902 671 belli
930 639 1065 682 partes
1089 642 1182 672 esse
1202 628 1372 683 inanes,
1401 632 1460 676 τὰ

248 710 389 755 πολλὰ
422 712 490 751 τοῦ
525 708 698 756 πολέμου
732 705 857 749 κενοὶ·
896 702 1095 757 frequens
1130 707 1264 748 otium
1301 706 1462 749 reditus

255 785 307 826 ad
348 782 485 824 studia
522 781 783 823 concedens:
828 791 959 833 posse
994 781 1029 822 ei
1061 781 1280 835 obtingere
1308 783 1465 835 praefe-

254 870 370 902 ctum
407 858 603 899 doctrina
635 856 844 910 politum,
875 856 1206 908 Xenophonteae
1225 858 1471 902 Anabaseos

257 935 531 985 studiosum,
582 932 726 985 quales
781 944 943 984 semper
982 931 1091 974 haud
1133 945 1293 986 paucos
1332 935 1469 979 fuisse

258 1012 303 1054 in
338 1009 550 1054 Francicis
586 1007 873 1060 exercitibus,
903 1017 992 1050 tum
1029 1008 1075 1050 id
1098 1010 1212 1061 quod
1237 1019 1337 1052 tunc
1365 1008 1472 1055 fere-

258 1085 413 1137 batur,
444 1086 694 1127 honorarios
728 1084 931 1126 satellites
964 1083 1146 1126 Batavos
1180 1096 1266 1127 non
1304 1086 1407 1129 aciei
1431 1098 1476 1132 et

259 1173 425 1217 pugnae
466 1159 706 1212 destinari,
768 1161 840 1203 sed
886 1171 964 1213 pro
1005 1159 1230 1203 obsidibus
1286 1164 1474 1217 servari,

261 1250 398 1290 equos
434 1248 578 1277 eorum
626 1237 670 1277 in
703 1236 1044 1288 supplementum
1078 1237 1285 1280 veteranis
1328 1240 1474 1283 datum

258 1312 340 1356 iri:
373 1313 552 1366 denique
571 1321 719 1354 notum
740 1311 874 1353 illud:
908 1313 1011 1353 haec
1037 1313 1134 1354 olim
1153 1316 1473 1366 meminissem·

263 1392 399 1437 arabit.
459 1389 539 1431 His
564 1389 740 1430 libenter
762 1388 918 1429 auditis
939 1387 1132 1430 delectari
1160 1390 1309 1443 visus,
1336 1403 1399 1434 res
1425 1393 1478 1434 ad

261 1466 568 1522 profectionem
606 1463 859 1517 componit,
891 1464 1022 1507 libros
1056 1464 1154 1508 illos
1186 1464 1402 1520 GraeCOS,
1435 1478 1479 1511 et

266 1557 396 1588 unum
431 1544 692 1595 alterumque
726 1541 954 1593 Latinum,
998 1541 1175 1583 sarcinis
1206 1542 1346 1586 addit:
1380 1557 1482 1589 mox

265 1623 359 1675 ipse
393 1615 627 1671 caeterique
661 1617 972 1660 commilitones
1009 1618 1280 1661 abducuntur
1302 1620 1481 1675 Metim‚

267 1695 572 1749 Lotharingiae
602 1703 759 1748 caput,
793 1692 867 1734 ubi
894 1702 1205 1746 exercerentur,
1237 1696 1370 1738 donec
1393 1709 1488 1739 cas·

269 1774 349 1817 tris
377 1773 633 1827 praeliisque
659 1771 797 1812 idonei
824 1769 984 1812 fierent.
1045 1770 1128 1812 Hic
1151 1782 1242 1813 eum
1267 1772 1400 1825 prima
1424 1773 1488 1816 fe-

268 1850 382 1894 fellit
407 1861 503 1903 spes
527 1848 577 1890 de
599 1846 813 1901 praefecto
834 1847 1024 1889 doctrina
1046 1847 1215 1900 polito:
1244 1849 1491 1905 adJungitur

270 1929 555 1974 contubernio
589 1926 734 1968 decani
760 1926 853 1968 duri
888 1936 929 1968 et
952 1925 1140 1979 ferocis,
1170 1927 1240 1970 cui
1270 1927 1350 1970 hoc
1373 1928 1492 1981 prin-

268 2008 428 2062 cipium
469 2001 655 2046 muneris
689 2011 729 2044 et
758 2002 1105 2055 antiquissimum
1140 2013 1257 2055 erat,
1290 2014 1338 2046 ut
1364 2004 1492 2046 sarci·

269 2097 348 2130 nas
372 2083 559 2126 tironum
582 2080 808 2134 inspiceret
829 2112 845 2134 ,
874 2093 920 2123 ac
944 2081 982 2123 si
1007 2080 1109 2134 quid
1131 2093 1212 2122 suo
1233 2081 1397 2136 judicio
1421 2092 1495 2123 su·

271 2169 577 2215 pervacaneum
612 2168 748 2209 esset,
781 2158 898 2209 quod
930 2168 1032 2199 sane
1067 2157 1244 2198 multum
1277 2166 1391 2209 crat,
1422 2169 1500 2199 au.

273 2238 428 2282 ferret:
461 2234 504 2276 in
528 2235 596 2276 his
632 2243 748 2276 erant
779 2234 870 2276 sine
893 2233 1024 2276 dubio
1045 2233 1169 2274 libri:
1204 2233 1496 2288 abjiciuntur3

280 2314 462 2367 denique
497 2324 716 2356 servantur
749 2315 774 2357 a
814 2313 988 2356 domino
1012 2325 1058 2354 ac
1083 2312 1254 2354 domum
1278 2311 1501 2353 remittun-

275 2398 363 2432 tur.
400 2389 647 2440 ,Caeterum
685 2389 870 2432 tironum
912 2388 1063 2430 hocin
1102 2389 1273 2441 negotio
1307 2399 1393 2429 non
1418 2370 1505 2428 una

278 2465 367 2510 fuit
406 2466 624 2519 conditi03
659 2467 741 2509 ista
773 2464 1040 2516 communis,
1075 2475 1120 2506 ut
1160 2466 1211 2506 ad
1248 2464 1502 2518 paucitatem

277 2543 556 2597 supellectilis
592 2545 898 2598 redigerentur3
949 2541 1135 2585 famulos
1174 2542 1372 2585 haberent
1407 2539 1506 2582 nul·

1408 2615 1506 2669 1053
