1693 3110
357 217 438 273 648
658 214 1250 261 DISPUTATIO

165 350 252 385 sect.
274 351 330 387 xi.
354 338 486 387 divit,
519 337 720 389 illiusque
751 338 939 379 studium
976 338 1162 380 imitatus
1185 348 1248 381 est
1287 339 1565 386 amicissimus

119 392 163 426 de
187 395 259 425 aliis

117 434 243 468 Parios.

115 2461 281 2503 Virgilius.

353 413 443 466 ejus
484 412 529 456 P.
556 413 701 468 Scipio
738 413 991 466 Africanus3
1024 424 1169 466 postea
1205 415 1329 457 ambo
1362 416 1571 460 familiari*

351 498 414 535 ter
458 487 525 529 usi
558 499 658 530 sunt
681 488 907 541 Panaetio,
942 489 1180 531 clarissimo
1203 489 1365 534 Stoico.
1423 491 1570 544 ltaque

349 564 516 606 eandem
569 564 702 606 secuti
745 574 847 606 sunt
901 563 1163 616 disciplinam
1219 566 1358 618 generi
1403 566 1566 622 Laelii,

352 638 411 685 C.
448 638 660 692 Fannius,
705 649 744 681 et
778 639 899 681 Publ.
940 638 1120 682 Mucius
1159 639 1355 682 Scaevola
1387 641 1565 696 Augur,

346 714 545 767 princeps
583 715 937 768 Iurisprudentiae
980 715 1218 758 Romanae:
1260 714 1318 771 Q.
1361 715 1562 770 Tubero,

347 789 566 841 Scipionis
599 802 649 837 ex
682 801 825 832 sorore
870 801 1034 842 neposz
1074 792 1122 833 P.
1164 790 1355 834 Rutilius
1397 792 1561 837 Rufus.

345 862 486 912 Veteri
509 875 644 906 autem
683 865 927 907 Academiae
950 865 1113 907 deditus
1139 865 1222 908 fuit
1256 866 1307 910 L.
1336 867 1566 913 Lucullus.

345 937 489 992 Magis
513 940 631 981 etiam
653 940 931 994 Philosophia
965 941 1219 994 frequentari
1256 944 1399 997 coepit
1435 954 1565 987 aetate

346 1015 597 1058 Ciceronis:
636 1028 688 1058 ex
724 1017 850 1070 cujus
887 1017 951 1058 vel
987 1018 1230 1068 aequalibus
1285 1019 1349 1061 vel
1395 1019 1568 1070 amicis,

347 1090 481 1134 Stoici
514 1089 686 1133 fuerunt
710 1089 776 1134 M.
803 1092 914 1133 Cato
945 1091 1193 1146 Uticensis,
1223 1093 1413 1149 Quintus
1445 1093 1568 1134 Cice-³

344 1176 423 1217 ro,
464 1165 661 1208 Lucilius
698 1167 891 1220 Balbus,
932 1167 1021 1212 Ser.
1069 1168 1304 1222 Sulpicius.
1380 1167 1569 1210 Platoni-

345 1252 452 1292 cus,
491 1240 715 1284 Ciceronis
757 1244 973 1295 exemplo,
1013 1243 1097 1285 fuit
1132 1244 1198 1286 M.
1224 1245 1396 1287 Brutus.
1455 1242 1568 1283 Peri-

344 1316 588 1368 pateticus,
619 1317 688 1359 M.
724 1316 840 1358 Piso.
901 1317 1072 1357 Plurimi
1099 1330 1198 1359 vero
1227 1318 1425 1370 Epicurei
1467 1316 1558 1358 fue-

345 1401 472 1441 runt,
501 1392 634 1436 veluti
658 1391 938 1433 amicissimus
972 1391 1194 1439 Ciceronis
1227 1393 1430 1444 Atticus,
1460 1392 1564 1434 'Fre-

343 1465 523 1517 batius,
570 1465 819 1519 Torquatus
846 1496 861 1519 ,
905 1465 1090 1519 VelleJ’us
1116 1497 1131 1518 ,
1173 1466 1227 1513 L.
1263 1468 1388 1519 Calp.
1432 1467 1562 1520 Piso,

345 1540 402 1582 C.
452 1541 634 1599 Cassius
659 1571 674 1592 ,
728 1539 957 1582 Lucretius
985 1570 1000 1592 ‚
1052 1540 1299 1583 Amafanius
1327 1571 1342 1591 ,
1385 1541 1561 1587 Catius:

342 1617 612 1669 Academici,
666 1617 795 1660 Cotta
839 1625 881 1658 et
919 1619 1077 1660 Varrot
1120 1617 1424 1671 Pythagorici,
1467 1620 1558 1673 Ap-

342 1693 469 1748 pius,
501 1692 702 1746 Nigidius
730 1693 937 1747 Figulus,
969 1691 1181 1735 Vatinius.

399 1770 585 1821 Augusti
627 1777 759 1811 aetate
799 1770 1024 1821 plerosque
1070 1766 1359 1819 Philosophos
1399 1767 1561 1821 Epicu·

335 1861 436 1895 ,teos
474 1847 637 1897 fuisse,
669 1846 800 1898 vulgo
828 1843 986 1895 fertur3
1030 1854 1117 1887 non
1148 1843 1249 1883 satis
1289 1856 1397 1885 vere.
1470 1844 1557 1887 Va-

344 1925 426 1965 leat
465 1924 546 1964 hoc
579 1923 628 1961 de
662 1921 805 1962 multis
843 1919 1107 1974 principibus
1141 1918 1244 1960 viris
1287 1928 1327 1960 et
1358 1919 1546 1972 Augusti

342 1999 487 2042 amicis
504 2029 518 2050 ,
551 1998 622 2049 qui
647 1996 777 2050 magis
801 2005 938 2037 tamen
963 1996 1230 2045 voluptatum
1266 1995 1408 2035 studio
1432 2006 1557 2046 quam

340 2072 607 2129 professione
670 2072 838 2122 fuerunt
881 2069 1093 2123 Epicurei.
1164 2067 1271 2109 Nam
1309 2077 1348 2109 et
1381 2068 1555 2110 aliarum

342 2161 550 2192 sectarum
583 2149 704 2189 multi
746 2147 880 2188 secuti
923 2155 1022 2187 sunt
1063 2144 1238 2196 placita:
1275 2152 1314 2184 et
1337 2155 1385 2184 ex
1420 2143 1558 2196 ipsius

341 2225 530 2280 Augusti
570 2224 611 2266 in
643 2222 922 2275 Philosophia
971 2219 1209 2271 magistris,
1249 2220 1551 2262 Athenodorus

341 2303 424 2344 fuit
458 2301 658 2351 Stoicus,
706 2301 840 2341 Areus
879 2295 1183 2347 Academicus,
1227 2294 1435 2337 Nicolaus
1468 2295 1554 2342 Da-

343 2389 560 2420 mascenus
588 2374 907 2423 Peripateticus.

399 2453 614 2494 Poetarum
657 2463 853 2501 princeps
904 2457 1151 2489 memoretur
1198 2458 1552 2497 vincimus,

342 2529 416 2584 qui
457 2527 507 2575 de
539 2525 853 2572 lmniortalitate
895 2524 1145 2572 Animorum
1189 2532 1310 2573 sexto
1355 2521 1552 2567 Aeneidis

1501 2593 1555 2641 li,
