1693 3110
364 195 986 258 DE⁷UN1TATE
1053 196 1228 256 13'131.
1336 201 1419 265 3333

191 326 274 382 Cae
301 334 618 385 Hesiodeaeque
643 328 845 373 rationem
869 329 1042 372 uberius
1072 329 1292 383 explicare.
1345 332 1423 375 Sa}-

192 414 257 457 ²tis
292 422 358 455 est
390 407 762 458 animadvertisse,
797 404 1039 458 opinionem
1080 419 1166 448 eam
1203 405 1337 449 fuisse
1358 421 1424 450 sa·

197 488 480 546 pientioribus
525 485 616 540 ejus
662 482 809 524 aetatis
862 481 1107 525 hominibus
1132 514 1149 536 ‚
1206 484 1426 537 imperium

192 566 390 609 *omnium
441 575 573 604 rerum
635 559 911 612 Deorumque
960 571 1085 612 penes
1137 572 1268 602 unum
1316 573 1423 605 esse.

199 642 335 697 Quod
367 640 404 681 si
437 638 545 681 enirn
574 638 686 691 apud
725 645 903 690 poetas,
937 648 1118 689 quorum
1151 638 1321 680 interest
1342 638 1438 681 vul·

208 718 252 773 gi
276 729 320 759 se
340 716 616 770 opinionibus
652 714 996 766 accommodare,
1026 723 1067 755 et
1098 726 1162 756 res
1193 727 1216 755 a
1238 715 1434 758 sensibus

203 803 390 837 remotas
433 792 651 848 corporeis
700 791 959 847 imaginibus
994 793 1223 847 complecti
1270 804 1309 835 et
1354 794 1438 836 sub

205 884 360 914 sensus
403 883 623 913 revocare:
660 869 791 923 igitur
826 869 860 910 si
886 869 997 922 apud
1025 878 1197 922 poetam
1222 878 1304 911 tam
1329 878 1441 912 certa

207 960 311 995 sunt
337 952 428 1005 ejus
457 949 676 1004 opinionis
701 948 883 1001 indicia;
909 960 984 990 nae
1003 948 1045 990 in
1068 949 1246 990 aliorum
1274 949 1438 1002 sapien-

203 1033 298 1068 tum
334 1024 549 1066 mentibus
588 1036 675 1065 eam
710 1032 750 1065 et
796 1023 1057 1077 frequentem
1090 1032 1132 1064 et
1167 1023 1299 1078 magis
1333 1022 1441 1064 inte-

208 1111 322 1156 gram
349 1100 514 1152 fuisse‚
546 1101 744 1143 credibile
766 1110 844 1146 est.

193 1177 196 1182 “
264 1177 507 1230 Antequam
549 1178 599 1219 de
634 1176 917 1231 philosophis
964 1175 1182 1227 dicamus,
1225 1175 1443 1218 videamus

205 1253 258 1296 de
292 1264 316 1294 P
336 1265 407 1294 HE
426 1265 707 1304 RECYDE,
749 1253 825 1305 qui
866 1251 953 1293 fuit
989 1251 1241 1306 Theologus
1267 1283 1282 1304 ‚
1326 1252 1442 1307 qnod

204 1341 339 1384 genus
369 1329 635 1384 interjectum
664 1339 729 1372 est
753 1329 860 1371 inter
888 1338 1036 1383 poetas
1059 1339 1099 1370 et
1120 1329 1408 1383 philosophos
1425 1359 1442 1382 ,

208 1404 452 1461 profectum
480 1406 584 1448 illud
607 1418 656 1448 ex
680 1405 867 1460 Orphica
893 1405 1135 1460 disciplina.
1191 1405 1445 1459 Pherecydis

211 1494 470 1535 quamquam
497 1491 559 1524 est
586 1482 743 1525 incerta
768 1493 907 1536 aetas,
930 1493 1068 1525 tamen
1093 1483 1343 1536 quibusdam
1368 1495 1445 1526 no-

209 1562 267 1604 tis
303 1562 468 1605 definiri
505 1563 694 1615 propriis
737 1562 897 1616 possit.
955 1562 1065 1605 Nam
1105 1562 1140 1605 si
1168 1575 1311 1605 vetum
1345 1573 1444 1616 est,

208 1638 327 1690 quod
362 1638 470 1679 inter
494 1637 714 1689 Antiquos
742 1648 915 1681 constat
961 1651 1136 1691 omnes,
1167 1651 1259 1682 eum
1285 1639 1443 1694 Pytha-

214 1724 338 1766 gorae
372 1710 507 1753 fuisse
541 1714 820 1767 magistrum,
853 1724 892 1755 et
928 1715 966 1757 si
1002 1715 1058 1758 R.
1097 1715 1311 1771 BentleJ'us
1339 1719 1448 1758 recte

208 1787 396 1841 ejusdem
409 1787 673 1843 Pythagorae
692 1801 847 1832 annum
862 1790 1038 1832 natalem
1061 1790 1184 1833 refert
1199 1793 1249 1833 ad
1262 1792 1386 1845 Olym
1392 1805 1438 1845 p.

207 1861 364 1907 XLIII.
385 1895 401 1917 ‚
434 1863 518 1907 fuit
543 1864 802 1919 Pherecydes
828 1867 894 1908 vel
912 1865 1099 1918 aequalis
1122 1867 1313 1911 Thaletis
1331 1899 1345 1920 ‚
1377 1867 1444 1910 vel

207 1940 383 1995 paulum
409 1952 459 1982 eo
489 1941 646 1984 senior.
707 1940 816 1994 Ejus
841 1941 938 1983 libri
966 1942 1047 1984 hoc
1070 1941 1205 1984 fuisse
1226 1945 1444 1987 exordium

147 2011 163 2028 ‘⁴
196 2015 403 2068 'perhibet
428 2016 643 2071 Diogenes
677 2017 872 2060 Laertius
914 2017 962 2070 Ι,
1001 2031 1097 2072 119.
1157 2023 1256 2068 Ζεὺς
1282 2012 1356 2073 μὲν
1379 2021 1448 2064 καὶ

192 2081 347 2145 ’Χρόνος
374 2090 428 2141 εἷς
454 2094 517 2137 ἀεὶ
542 2094 610 2138 καὶ
645 2095 768 2147 χθὼν.
835 2092 925 2136 Ubi
961 2090 1017 2144 εἷς
1044 2097 1109 2139 ἀεὶ
1131 2108 1219 2139 non
1240 2109 1333 2139 esse
1358 2109 1451 2155 mu·

198 2164 383 2209 ‘tandum
415 2168 458 2209 in
499 2169 624 2212 εἱσαεὶ
663 2180 758 2210 cum
798 2170 857 2213 IS.
884 2169 1174 2223 Casaubono,
1204 2182 1378 2215 constat
1400 2184 1452 2219 ex

214 2240 309 2281 aliis
336 2241 410 2294 qui
437 2242 521 2285 hoc
555 2242 836 2298 fragmentum
872 2246 1071 2299 laudant,
1105 2259 1216 2299 quos
1247 2257 1450 2290 memorat

218 2313 381 2357 Galeus
418 2317 470 2358 ad
502 2316 698 2362 Hermiae
727 2320 845 2363 Irris.
886 2334 980 2376 cap.
1011 2335 1080 2365 12.
1141 2322 1253 2366 Cum
1290 2324 1356 2366 his
1388 2323 1454 2364 fa·

222 2390 314 2439 cit,
347 2393 462 2443 quod
492 2394 549 2435 ait
584 2395 840 2438 Aristoteles
862 2394 1059 2451 Metaph.
1092 2399 1197 2451 XII,
1227 2413 1270 2454 4.
1331 2409 1451 2452 Φερε·

213 2466 331 2514 κυδης
358 2467 423 2510 καὶ
447 2465 570 2522 ἕτεροί
597 2489 701 2520 τινες
723 2474 767 2517 τὸ
800 2480 999 2523 γεννῆσαν
1024 2481 1173 2527 πρῶτον
1210 2477 1364 2529 ἄριστον
1388 2491 1450 2520 τι·

197 2611 199 2613 Ι
221 2541 382 2595 lexeru,
413 2545 479 2588 καὶ
505 2547 539 2589 οἱ
568 2547 725 2602 Μάγοι.
785 2548 853 2592 Ex
879 2549 971 2605 ipsa
1003 2549 1259 2605 Pherecydis
1284 2546 1452 2593 senten-

1396 2636 1453 2669 tia
