1693 3110
457 168 800 233 PHAE'ooNIS
845 185 1187 237 PLATONICI.
1356 205 1435 251 125

220 315 305 356 hoc
343 311 563 356 intervallo
599 315 772 356 redeunt
799 310 852 354 iis
880 313 980 357 alae.
1040 312 1128 357 Eae
1160 313 1304 368 solae,
1337 327 1448 369 quae

218 403 313 434 vere
335 390 658 443 philosophatae
682 387 842 431 fuerint
861 419 874 440 ,
903 389 1039 432 tribus
1060 390 1255 443 delnceps
1279 403 1449 445 genera-

217 465 437 517 tionibus,
472 465 598 507 trium
630 464 746 504 mille
776 474 981 505 annorum
1012 465 1152 517 spatio
1178 466 1262 509 alas
1291 466 1447 519 recipi·

218 551 326 592 unt,
355 551 395 583 et
419 541 461 582 in
484 541 665 593 primum
689 548 847 580 statum
874 540 1047 586 abeunt.
1108 541 1314 594 Reliquae
1339 542 1445 584 Ani-

216 630 331 669 mae,
362 617 480 658 finita
504 617 640 669 prima
663 615 780 668 vita,
810 616 1077 670 Judicantur:
1104 626 1145 658 et
1164 619 1318 670 partim
1343 633 1447 673 poe-

216 706 290 736 nas
323 694 494 736 daturae
522 695 748 735 mittuntur
770 693 852 735 sub
877 702 1025 734 terram
1042 723 1056 745 ,
1088 694 1238 746 partim
1262 695 1445 748 praemia

215 779 461 824 accepturae
479 771 689 811 tolluntur
710 769 753 811 in
777 769 997 811 coelestem
1021 772 1179 812 locum.
1222 770 1347 812 Mille
1369 784 1441 813 an-

214 847 283 888 nis
322 847 643 900 praeterlapsis,
681 853 881 897 utraeque
915 847 1090 887 redeunt
1112 846 1164 887 ad
1191 847 1440 890 electionem

215 924 423 964 secundae
456 922 589 964 vitae:
627 931 748 972 quam
784 919 865 960 sibi
894 931 1084 971 quaeque
1116 919 1249 961 libero
1275 920 1439 974 judicio

209 996 345 1051 eligit.
392 995 474 1037 Ubi
501 995 576 1047 fit,
608 1005 658 1037 ut
684 997 865 1037 humana
888 995 1057 1048 saepius
1079 995 1233 1038 Anima
1256 997 1299 1038 in
1323 995 1442 1038 bruti

207 1073 385 1128 Corpus
412 1072 696 1128 ingrediatur,
727 1081 767 1113 et
790 1083 841 1114 ex
858 1073 984 1113 bruto
1007 1071 1051 1113 in
1072 1071 1303 1114 humanum
1327 1072 1437 1115 Cor-

207 1162 290 1206 pus
316 1150 498 1201 Anima,
534 1160 642 1200 quae
665 1148 715 1189 ab
744 1148 867 1190 initio
891 1145 976 1189 fuit
999 1147 1230 1191 humana.”

266 1224 380 1266 Haec
405 1223 490 1265 fere
513 1233 614 1265 sunt
629 1255 645 1276 ,
682 1235 789 1277 quae
812 1236 862 1280 ex
887 1223 953 1265 his
982 1223 1142 1265 fabulis
1166 1223 1216 1265 ad
1236 1223 1432 1277 philoso-

203 1298 332 1355 phiae
350 1300 598 1341 sententiam
621 1302 804 1342 revocari
826 1301 995 1353 possint
1011 1330 1024 1351 ,
1041 1299 1214 1342 omissis
1231 1300 1428 1353 pluribus

202 1376 417 1431 figmentis
456 1386 497 1417 et
542 1376 788 1419 nominibus
820 1375 1030 1429 po‘e‘ticis,
1063 1375 1196 1417 veluti
1229 1374 1427 1428 Minois,

201 1451 545 1503 Rhadamanthi,
576 1451 753 1506 Stygis,
782 1451 1072 1502 Acherontis,
1113 1459 1153 1492 et
1190 1451 1423 1493 similibus.

202 1527 402 1570 Ceterum
420 1558 435 1580 ,
468 1528 505 1569 si
531 1528 630 1580 quis
655 1540 699 1570 ea
717 1557 733 1580 ,
765 1540 872 1581 quae
904 1529 1173 1584 exhibuimus
1189 1558 1204 1579 ,
1236 1527 1430 1571 conferat

201 1615 298 1647 cum
328 1603 411 1656 iis,
445 1616 551 1656 quae
583 1603 704 1646 Plato
740 1604 929 1656 disputat
963 1605 1007 1646 in
1037 1603 1213 1646 Timaeo
1243 1618 1286 1658 p.
1311 1617 1389 1658 531
1408 1635 1426 1658 ,

202 1679 241 1723 is
263 1680 545 1722 verisimiliter
570 1680 676 1723 hanc
701 1682 949 1723 sententiam
972 1681 1240 1736 Philosopho
1269 1682 1319 1723 de
1339 1690 1427 1724 sta-

201 1768 252 1800 tu
288 1768 387 1811 post
412 1759 521 1799 hanc
551 1759 679 1799 vitam
709 1758 890 1800 tribuat:
939 1788 966 1811 ‚,
998 1760 1203 1812 Animae„
1236 1769 1284 1801 ut
1306 1770 1424 1802 antea
1485 1766 1611 1813 Summa

200 1833 373 1877 fuerunt
388 1864 404 1886 ,
429 1835 486 1876 ita
511 1843 660 1887 postea
682 1833 866 1878 futuras.
927 1836 1032 1878 Post
1056 1845 1232 1878 mortem
1256 1836 1425 1890 Corpo-
1443 1815 1605 1882 {gg-gg?

199 1910 291 1963 riS,
320 1910 528 1965 judicium
553 1922 692 1952 earum
720 1911 809 1953 fieri
841 1913 954 1965 apud
986 1911 1178 1965 Inferos,
1209 1925 1365 1966 poenas
1385 1924 1427 1956 et

202 1989 384 2045 praemia
409 1989 634 2032 constitui.
675 1988 835 2031 Poenas
856 1990 1026 2043 proprie
1049 1990 1091 2031 in
1112 1991 1340 2032 medicinae
1361 1991 1426 2034 lo·

195 2078 296 2108 cum
322 2066 375 2108 iis
399 2065 610 2118 adhiberi,
625 2067 810 2119 exceptis
837 2067 1173 2120 insanabilibu33
1190 2080 1296 2121 quae
1315 2081 1427 2112 sern-

201 2155 275 2197 per
292 2142 334 2185 in
363 2141 542 2184 Tartaro
568 2152 760 2185 maneant
793 2143 837 2184 in
862 2145 1097 2197 exemplum
1115 2175 1130 2197 ,
1163 2158 1249 2198 quo
1273 2146 1374 2189 aliae
1399 2148 1425 2190 ἐι

200 2218 429 2261 sceleribus
453 2219 775 2261 absterreantur.
821 2220 942 2275 Quae
963 2221 1144 2263 Animae
1163 2221 1206 2264 in
1231 2223 1309 2265 hac
1333 2222 1425 2265 vita.

199 2294 521 2348 Philosophiam
557 2309 653 2340 vere
687 2306 946 2350 tractarunt,
991 2310 1122 2351 seque
1156 2298 1202 2341 in
1236 2299 1425 2341 veritatis

205 2374 565 2423 contemplatione
591 2384 896 2426 exercuerunt,
928 2384 967 2416 et
990 2377 1013 2417 a
1034 2388 1326 2430 corporearum
1350 2389 1426 2419 vo-

202 2447 417 2499 luptatum
444 2452 696 2505 contagione
721 2464 850 2504 puras
875 2463 1098 2505 castasque
1119 2464 1393 2497 servaverunt
1409 2483 1425 2506 ,

207 2521 282 2565 hae
305 2522 436 2579 igitur
459 2537 625 2571 manent
652 2529 766 2581 apud
790 2528 933 2583 Deos,
953 2542 1027 2573 nec
1051 2531 1095 2574 in
1119 2531 1314 2585 Corpora
1340 2531 1432 2572 red-

1308 2615 1428 2650 eunt.
