1693 3110
382 218 443 264 G.
483 217 543 261 L.
585 213 1118 260 wAssENAERn.
1286 214 1372 270 32³

149 338 231 388 cici
250 342 389 398 Regni
421 343 623 396 originem
650 349 691 382 et
723 349 1024 393 progressum,
1058 337 1242 393 ejusdem
1263 346 1367 379 cum

149 421 322 464 caeteris
358 419 556 473 Europae
603 415 774 470 populis
815 426 970 456 nexum
1015 422 1057 455 et
1095 411 1369 468 conjunctio-

149 507 274 549 nem,
305 497 481 538 omnino
513 494 710 543 Veteris,
744 489 907 540 Medii,
951 488 1218 532 Recentiorrs
1251 485 1365 531 Aevi

149 583 216 614 res
240 573 526 623 rationemque
553 577 725 610 teneret.

211 645 308 688 Nos
332 647 460 700 igitur
484 643 632 697 quidni
664 653 920 685 moereamus
952 639 1088 684 orbati
1113 638 1248 682 sodali
1271 649 1357 684 tam

146 722 310 774 docto,
342 730 424 762 tam
450 730 594 773 grato,
626 730 707 761 tam
730 719 923 761 nostrum
946 716 1140 760 amante?
1173 718 1361 759 Moetea-

145 808 240 839 mus
276 796 398 839 sane!
433 797 505 838 sed
545 806 773 838 moerorem
810 795 1037 846 aliquando
1075 805 1279 846 sequatur
1311 806 1359 835 ac

143 873 269 914 leniat
307 873 431 914 ratio.
490 872 563 914 Me
594 882 696 914 vero
734 880 774 911 et
810 869 942 911 adhuc
977 869 1078 922 illa,
1113 882 1219 922 quae
1245 880 1362 912 nunc

144 944 283 989 Vobis
317 947 556 1000 proposui,
589 947 748 988 monita
779 945 1113 997 conlirmarunt3
1147 955 1187 987 et
1219 958 1359 989 recen-

143 1023 175 1065 ti
195 1036 293 1064 casu
320 1023 583 1064 vehementer
603 1019 800 1064 afflictum
824 1022 952 1063 erexit
978 1021 1234 1075 Virgilianae
1255 1020 1358 1062 Mu·

140 1109 211 1142 sae
235 1111 398 1141 carmen
432 1099 474 1140 in
502 1098 765 1151 Daphnidem
783 1127 798 1149 ,
832 1109 967 1150 nuper
991 1109 1014 1139 a
1048 1096 1174 1139 nobis
1204 1104 1358 1139 tracta-

141 1184 232 1216 tum
260 1184 474 1228 praesente
502 1173 826 1226 Wassenaeri03
860 1185 987 1224 mox,
1021 1181 1190 1214 mortuo
1221 1172 1350 1225 ipso,

137 1250 251 1291 forte
270 1244 374 1291 'tunc
402 1250 446 1292 in
477 1260 653 1292 mentem
688 1250 791 1291 mihi
816 1250 1021 1302 veniens;
1053 1248 1315 1302 Daphnidem
1333 1278 1349 1300 ,

141 1324 345 1376 inquam,
381 1334 596 1377 pastorum
622 1325 882 1379 principem,
914 1327 1037 1379 qu‘us
1062 1326 1106 1366 in
1134 1324 1278 1367 funere
1299 1334 1351 1366 ut

139 1399 242 1442 olim
277 1410 367 1443 tota
412 1398 557 1442 Sicilia
590 1400 728 1452 luxit,
769 1401 831 1443 sic
866 1401 916 1442 ad
951 1399 1101 1443 famam
1139 1401 1189 1442 de
1229 1399 1353 1442 obitu

143 1474 427 1518 YVassenaerii
460 1475 625 1526 nostri,
668 1476 807 1518 omnis
840 1484 984 1516 nostra
1019 1474 1171 1517 Batava
1194 1474 1352 1527 patria,

134 1562 245 1592 certe
272 1563 394 1593 nemo
431 1563 518 1591 non
555 1551 599 1591 in
627 1563 715 1602 quo
746 1549 810 1591 vel
844 1551 1063 1602 paululum
1089 1550 1244 1592 inesset
1266 1550 1348 1592 hu·

94 1637 101 1643 ··
135 1625 380 1676 affinitatis,
411 1633 450 1664 et
487 1624 708 1665 condoluit
738 1633 778 1665 et
814 1626 1036 1678 ingemuit.
1097 1625 1227 1680 Quod
1251 1637 1346 1667 car-

143 1712 238 1741 men
266 1711 394 1751 quum
421 1699 593 1740 mirifice
627 1710 898 1752 temperatum
934 1701 990 1742 sit
1019 1702 1071 1743 ad
1093 1711 1351 1754 praesentem

147 1786 339 1818 nostrum
369 1774 592 1826 affectum,
622 1783 663 1816 et
694 1775 919 1816 acerbitate
953 1777 1142 1828 doloris,
1173 1785 1214 1818 et
1237 1777 1346 1818 desi-

134 1850 249 1893 derio
267 1851 449 1901 amoris,
482 1858 522 1889 et
546 1849 770 1892 lenimento
792 1850 1131 1903 consolationi53
1166 1850 1255 1893 Vos
1280 1852 1346 1904 ip-

131 1927 168 1967 si
199 1935 334 1968 totum
360 1934 503 1978 postea
534 1924 709 1977 legatis:
746 1937 824 1966 nos
867 1937 1009 1978 nunc,
1043 1937 1146 1980 age,
1178 1937 1335 1968 sertum

127 1999 224 2042 inde
257 2010 471 2042 nectamus
498 2029 513 2051 ,
556 2009 596 2040 et
630 2000 730 2041 huic
781 1997 1062 2042 Wassenaerii
1102 2002 1238 2044 nostri
1273 2004 1342 2044 vel

130 2076 352 2117 memoriae
382 2076 447 2116 vel
492 2075 756 2128 laudationi,
801 2084 992 2128 aptemus
1034 2078 1337 2132 coronidisque

126 2149 260 2192 instar
281 2150 575 2203 imponamus:

129 2297 402 2343 Exstinctum
425 2301 580 2344 Musae
599 2303 766 2346 crudeli
780 2304 942 2358 funere
964 2305 1174 2362 Daphnin

127 2374 336 2427 Flebant,
367 2390 433 2418 vos
454 2378 590 2420 coruli
611 2389 731 2421 testes
753 2390 792 2421 et
810 2380 993 2434 flumina
1020 2383 1157 2425 Musis
1171 2395 1190 2423 .·

128 2447 275 2502 Quum
300 2451 512 2506 complexa
535 2458 599 2495 sui
623 2466 771 2512 corpus
798 2457 1038 2498 miserabile
1058 2460 1155 2499 nati

126 2524 272 2581 Atque
294 2524 408 2567 Deos
433 2537 560 2584 atque
582 2541 706 2574 astra
732 2541 852 2577 vocat
871 2533 1065 2577 cmdelia
1085 2541 1242 2577 mater.

773 2610 812 2652 X
841 2621 868 2649 2
1259 2607 1353 2650 Nos
