1693 3110
407 198 1137 254 ADL‘YNDENUM,
1305 211 1450 267 195'

154 332 286 386 culpa
317 331 450 387 estis,
481 332 556 386 qui
581 330 626 373 in
661 331 743 373 hoc
780 342 843 371 me
875 342 1167 385 argumentum
1203 335 1383 388 compti.

159 410 291 453 listisa,
356 412 411 450 ht
450 408 587 450 multo
622 406 744 458 plura
767 404 987 448 habebam.
1048 403 1158 448 Nam
1185 420 1290 460 quae
1311 420 1384 450 an·

164 494 208 528 te
228 486 310 528 hos
334 495 417 528 tres
442 494 483 527 et
503 480 656 536 viginti
677 491 810 522 annos
844 490 1082 524 notaveram
1099 511 1115 533 ,
1140 494 1215 526 nec
1239 470 1387 537 postea

159 563 448 617 inspexeram,
478 566 614 612 nuper
641 556 746 599 mihi
770 556 814 599 in
834 557 916 599 hoc
943 570 1015 599 rus
1036 560 1200 613 ejecto,
1233 574 1279 603 ac
1301 571 1389 603 tut-

161 634 279 681 batas
310 645 422 680 meas
445 637 613 678 chartas
635 634 835 676 lustranti
851 664 869 687 ,
910 633 1018 677 forte
1044 635 1089 678 in
1116 649 1264 681 manus
1288 640 1394 682 inci-

159 713 344 765 derunt,
377 718 529 764 meque
561 711 612 753 ad
637 710 859 764 legendum
877 743 893 764 ,
925 720 966 753 et
988 714 1280 765 quaestionem
1307 727 1393 758 me-

162 787 296 830 moria
320 787 612 839 recolendam,
644 787 928 831 adverterunt,
989 787 1115 832 Unde
1135 790 1237 834 illos
1270 792 1396 836 vobis

159 865 287 909 flores
315 864 516 917 inspersi.
1065 857 1069 860 ’

217 940 310 983 ΡΗ.
353 940 486 995 Quod
510 952 624 983 nunc
661 941 889 995 sparsisti,
932 943 1038 987 satis
1064 952 1130 988 est
1155 947 1267 989 unde
1293 948 1399 992 mihi

158 1014 437 1057 confirmetur
469 1016 540 1067 id,
574 1016 690 1068 quod
726 1018 985 1071 aliquando,
1016 1021 1122 1062 lecta
1155 1023 1228 1064 illa
1261 1024 1396 1067 Purae

160 1091 363 1134 Rationis
408 1085 597 1145 Critica,
634 1094 852 1148 judicavi,
899 1096 1046 1138 melius
1091 1109 1184 1140 esse
1216 1099 1393 1142 retinere

162 1177 348 1215 veterem
372 1181 559 1213 nostram
577 1193 592 1223 ,
628 1171 716 1212 sive
741 1172 950 1224 impuram
981 1175 1072 1216 sive
1096 1175 1266 1219 mixtam
1301 1178 1402 1230 quis

167 1257 329 1300 vocet,
369 1245 742 1300 Metaphysicam,
782 1258 822 1290 et
855 1249 1080 1294 fecundam
1117 1253 1228 1295 illam
1263 1256 1403 1299 reruni

164 1322 382 1376 ubertate,
413 1333 455 1365 et
482 1323 644 1366 ratione
670 1337 936 1379 summopere
960 1328 1246 1382 probabilem,
1273 1338 1402 1384 quam

159 1408 314 1444 novam
338 1401 450 1443 illam
482 1403 682 1455 adoptare
713 1415 789 1454 pro
819 1404 972 1445 critica
998 1415 1039 1446 et
1067 1402 1174 1458 pura
1217 1419 1262 1449 se
1299 1421 1402 1450 ven-

158 1478 359 1521 ditantem
387 1510 404 1531 ,
456 1491 542 1522 non
589 1481 793 1522 valentem
844 1482 895 1522 ad
954 1491 1113 1524 veteres
1159 1483 1403 1535 possessio„

159 1563 239 1598 nes
271 1556 478 1607 tuendas,
511 1556 665 1596 nedum
705 1557 757 1597 ad
789 1569 923 1598 novas
950 1558 1251 1612 acquirendas,
1283 1559 1402 1601 velu=

162 1631 198 1673 ti
225 1633 411 1674 vidimus
449 1632 499 1672 de
534 1632 658 1684 Deo,
698 1632 1052 1686 immortalitate,
1084 1630 1328 1678 Liber‘c'atet⁸
1362 1642 1406 1678 et

163 1710 269 1753 alias
298 1709 610 1752 desideramus:
642 1722 686 1752 v.
721 1723 761 1752 c.
795 1712 845 1752 de
882 1723 1017 1754 rerum
1050 1722 1162 1754 extra
1201 1726 1281 1756 nos
1309 1704 1409 1756 v‘era

163 1787 434 1840 substantia,
465 1787 516 1828 de
541 1785 685 1828 Animi
709 1796 751 1827 et
783 1787 995 1840 Corporis
1021 1800 1161 1841 nexu,
1193 1790 1244 1830 de
1270 1789 1403 1844 impe.-

163 1868 230 1912 tio
263 1867 306 1909 in
340 1879 384 1908 se
415 1866 585 1917 ipsum,
619 1864 668 1906 de
697 1865 843 1906 eodem
870 1865 1168 1908 confirmando
1194 1867 1399 1908 adversus

165 1942 507 1998 perturbationes
543 1950 583 1982 et
609 1940 902 1993 calamitates,
936 1942 988 1982 de
1016 1940 1110 1982 aliis
1145 1940 1404 1993 quaestioni&

169 2021 254 2063 bus
293 2033 343 2063 ex
373 2017 673 2072 Metaphysica
710 2016 1107 2071 proficiscentibus.
1168 2015 1282 2058 Haec
1322 2022 1410 2059 erat

168 2096 244 2138 illa
281 2094 530 2150 professio,
575 2093 737 2136 nullum
778 2106 861 2134 esse
888 2093 1109 2148 problema
1142 2093 1409 2150 Metaphysi-

168 2187 262 2217 cum
278 2204 294 2225 ,
325 2175 429 2230 quin
455 2174 495 2213 ei
531 2171 721 2216 solvendo
747 2172 908 2228 copiam
927 2171 1102 2223 fecisset
1126 2170 1297 2213 Critica
1323 2169 1411 2212 Pa-

171 2265 250 2293 rae
271 2251 501 2293 Rationis!
548 2249 717 2293 scilicet
747 2249 1018 2304 gravissimas
1047 2250 1315 2300 quaestiones
1336 2259 1407 2289 ex-

170 2334 236 2371 tra
266 2327 368 2369 fines
402 2326 696 2380 Experientiae
720 2327 932 2379 relegare,
963 2333 1002 2365 et
1030 2336 1077 2366 ex
1113 2324 1411 2378 Metaphysica

178 2403 551 2447 circumscribere!
584 2402 709 2446 Unde
740 2402 901 2444 factum
927 2406 1021 2451 est,
1051 2409 1099 2441 ut
1127 2412 1249 2442 nemo
1272 2399 1411 2441 adhuc:

180 2481 226 2523 in
250 2481 328 2523 hac
356 2489 472 2524 secta
499 2480 838 2535 Metaphysicam
863 2477 1138 2532 probabiliter
1159 2477 1415 2532 compendio

185 2557 256 2602 vel
289 2565 516 2612 systemate
551 2557 863 2610 conscripsisse
897 2555 1060 2598 dicatur
1072 2568 1088 2610 3
1123 2554 1282 2610 quippe
1306 2564 1416 2607 quae

815 2630 862 2674 N
893 2644 922 2676 2
1322 2640 1416 2672 ome
