1693 3110
400 194 506 239 AD
577 192 1103 239 HEUSD‘IUM.
1313 206 1363 251 η

145 319 396 373 prandiorum
446 319 655 374 angustiis
692 318 875 361 assueti:
918 331 1092 372 eamque
1134 317 1364 373 puerilem,

145 410 234 440 non
282 396 442 439 virilem
483 408 576 439 esse
619 396 820 437 rationem
858 396 1070 440 dictitant.
1144 397 1371 450 Imperite'‚

147 482 198 514 ut
236 472 390 514 omnia.
464 471 566 512 Non
603 471 848 523 intelligunt
881 470 986 523 quid
1019 472 1064 513 in
1095 473 1270 515 docendi
1301 474 1370 515 via¹

149 547 208 590 sit
254 548 412 598 virile,
455 547 558 598 quid
601 548 795 599 puerile:
841 557 882 589 et
923 548 1138 602 dialogum
1185 550 1373 593 confun-

145 627 255 668 dunt
276 637 368 665 cum
402 624 676 667 catechismo.
737 623 868 666 Nunc
903 625 1096 668 videmus
1134 626 1243 667 istos
1276 627 1374 667 viri-

149 699 209 739 les
243 698 405 739 scilicet
438 697 724 751 philosophos
765 712 882 741 suam
932 700 1178 752 sapientiam
1222 700 1376 742 libellis

147 775 448 827 conscribere,
478 776 553 817 ubi
597 778 792 830 magister
830 776 1037 829 breviter,
1069 786 1116 818 ut
1150 778 1377 831 ignorans,

152 852 412 906 interrogat,
457 851 697 905 discipulus
742 852 869 895 docte
907 863 948 895 et
992 852 1169 907 copiose
1206 865 1383 906 respon-

151 931 237 973 det.
307 929 486 982 Inepte,
528 929 758 983 profecto,
799 943 875 973 nec
921 939 1092 973 naturae
1131 930 1386 979 convenien-

151 1015 230 1048 ter.
292 1005 392 1048 Nisi
426 1005 539 1047 forte
575 1006 749 1057 dicant,
783 1005 1156 1058 interrogationem
1194 1006 1383 1059 magistri

151 1083 215 1125 nil
248 1082 362 1124 aliud
395 1094 515 1133 esse,
547 1081 632 1122 nisi
662 1080 840 1122 titulum
876 1079 1047 1132 capitis.
1111 1079 1230 1135 Quid
1254 1078 1384 1132 igitur

150 1158 357 1201 attinebat
391 1157 473 1200 hoc
511 1156 730 1210 dialogum
765 1168 947 1208 vocare,
991 1156 1107 1206 quod
1139 1156 1284 1209 potius
1321 1156 1387 1197 in-

156 1235 465 1276 culcamentum
506 1234 744 1276 vocandum
778 1243 881 1274 erat.
966 1232 1172 1274 Videmus
1214 1233 1386 1274 eosdem

156 1311 292 1362 istos,
327 1311 457 1363 quum
484 1310 528 1352 in
557 1310 907 1361 reprehendendis
932 1309 1270 1350 contemtoribus
1293 1307 1384 1350 suis

157 1385 283 1428 faceti
319 1398 358 1428 et
399 1386 544 1429 festivi
582 1400 673 1429 esse
706 1388 887 1437 volunt,
931 1385 1148 1438 colloquia
1177 1384 1386 1435 scribere,

156 1464 323 1506 inficeta
361 1464 527 1516 quidem
578 1465 650 1506 iiia
684 1476 722 1505 et
773 1464 967 1515 horrida,
1010 1474 1086 1504 nec
1125 1460 1234 1502 enim
1270 1461 1390 1505 aliter

160 1551 375 1594 possunt:
408 1542 482 1582 sed
518 1540 867 1593 colloquentibus
907 1538 1080 1589 antiqua
1114 1535 1285 1578 nomina
1312 1535 1388 1575 im-

160 1629 396 1670 ponentes,
441 1617 586 1658 subito
637 1617 721 1658 sibi
758 1616 936 1667 suisque
972 1613 1156 1667 germani
1181 1611 1389 1654 Socratici

158 1693 388 1734 vitientur:
424 1704 446 1732 a
481 1691 618 1732 doctis
657 1692 866 1741 ridentur,
901 1700 947 1731 ut
982 1691 1053 1730 iile
1087 1690 1130 1731 in
1161 1688 1389 1742 proverbio

159 1767 305 1809 asinus
339 1767 389 1807 ad
423 1767 554 1819 lyram
591 1766 765 1807 saltans⁶
827 1765 896 1806 Ne
921 1765 1050 1819 igitur
1074 1775 1148 1806 aut
1171 1767 1387 1819 dialogum

163 1855 242 1897 pro
266 1844 418 1897 puerili
457 1844 588 1893 lusu,
619 1851 691 1884 aut
725 1842 921 1895 puerilem
950 1843 1170 1885 stultitiam
1211 1845 1390 1886 interro-

162 1923 300 1976 gando
335 1920 718 1974 respondendoque
746 1921 989 1962 distinctam
1017 1933 1096 1975 pro
1125 1921 1294 1975 dialogo
1319 1922 1393 1963 ha-

165 1999 356 2040 beamus.
417 1997 499 2038 Scd
538 1997 619 2038 hoc
653 1997 834 2038 docendi
873 2010 1005 2051 genus
1032 2010 1155 2050 quam
1189 1999 1244 2040 ob
1269 2010 1397 2041 caus.

167 2087 254 2117 sam
287 2084 326 2116 et
355 2087 436 2126 qua
474 2074 636 2115 ratione
665 2073 784 2115 Plato
827 2074 1122 2127 usurpaverit,
1155 2075 1391 2118 accuratius

166 2151 460 2204 exponendum
493 2151 691 2203 videtur3
738 2151 774 2191 si
816 2150 925 2192 forte
968 2152 1284 2205 reprehensores
1320 2152 1396 2195 isti.

166 2228 394 2279 aliquando
420 2228 574 2270 rectius
596 2229 782 2284 J'udicare
802 2228 986 2271 discant.

232 2303 343 2342 Ante
375 2301 591 2344 Platonem
629 2304 703 2356 qui
738 2304 930 2358 dialogos
973 2304 1220 2357 scripserint
1254 2304 1398 2356 philo-

172 2376 330 2429 sophi,
376 2376 578 2420 incertum
614 2391 697 2423 est.
771 2381 1073 2422 Alexamenum
1120 2380 1273 2433 Tejurn
1313 2381 1398 2433 pri-

172 2465 266 2494 mos
307 2453 532 2505 scripsisse
563 2455 803 2498 Socraticos
860 2456 1054 2510 dialogos
1086 2456 1274 2509 prodidit
1305 2455 1399 2496 Ari-

173 2527 346 2568 stoteles
377 2527 489 2570 libro
523 2531 690 2582 perdito
724 2532 774 2573 de
810 2532 980 2584 Poetis,
1013 2534 1122 2576 unde
1155 2533 1259 2575 hanc
1285 2543 1401 2574 men-

223 2598 320 2647 Vol.
350 2603 403 2649 Π.
858 2607 893 2652 Β
1317 2607 1402 2654 tio-
