1693 3110
451 171 560 216 An
629 168 1165 217 HEUSDIUM.
1373 175 1422 227 ις

220 308 317 343 suas
356 297 511 353 ingenii
542 295 841 346 doctrinaeque
865 294 972 337 vires
995 296 1046 338 ad
1070 294 1276 339 materiam
1307 295 1430 340 locu.

216 377 451 429 pletandam
476 373 822 428 digerendamque
847 370 1048 417 adferent.

275 456 325 496 In
355 453 430 494 hac
464 451 643 493 lectione
664 459 834 490 necesse
857 456 920 488 est
944 449 1098 490 multae
1121 463 1166 492 se
1187 450 1340 504 legenti
1365 449 1432 493 of-

214 527 352 570 ferant
385 526 691 579 cogitationes,
723 523 880 575 quihus
904 524 970 564 vel
999 527 1223 566 sententiae
1257 528 1435 570 difficul-

219 614 283 646 tas
317 603 582 655 expediatur,
627 601 694 642 vel
726 600 959 652 scripturae
995 601 1095 642 vitia
1132 606 1428 646 emendentur:

221 678 379 720 etiamsi
404 677 524 720 unice
548 677 748 719 dictionis
770 677 966 718 rationem
989 678 1195 720 habuerit.
1231 678 1310 720 Sed
1325 711 1339 731 ,
1362 682 1438 722 hac

224 753 342 794 finita
372 753 580 804 lectione,
624 753 774 805 releget
810 751 1099 805 scriptorem3
1144 766 1237 796 nam
1275 757 1442 808 saepius

221 827 423 880 legendus
447 838 526 870 est.
586 827 645 869 Et
681 828 821 879 priora
846 827 1010 879 quidem
1037 828 1204 870 inventa
1229 842 1324 872 cum
1351 842 1446 872 cor-

226 904 361 958 riget,
404 914 493 945 tum
539 904 832 946 confirmabit:
879 916 954 945 nec
997 904 1198 948 dictionis
1242 907 1446 950 rationem

226 990 424 1033 uinquam
465 982 682 1035 negliget:
728 990 965 1031 caeterum,
1005 982 1087 1035 jam
1125 982 1176 1022 ad
1218 986 1449 1024 materiam

227 1070 397 1109 quoque
435 1057 617 1097 animum
658 1056 836 1108 propius
873 1055 1075 1096 attendet.
1135 1056 1248 1097 Haec
1285 1057 1453 1098 univer-

224 1145 269 1176 Se
291 1135 447 1186 duplex
478 1143 570 1183 est,
603 1132 668 1173 vel
699 1133 1014 1188 philosophiae,
1047 1133 1116 1173 vel
1149 1132 1344 1189 reliquae
1377 1132 1449 1175 do-

224 1213 422 1263 ctrinae,
470 1221 575 1262 quae
615 1209 797 1262 pertinet
838 1209 887 1250 ad
937 1208 1183 1262 historiam,
1227 1211 1454 1263 antiquita-

229 1296 344 1338 tem,
388 1299 551 1337 mores,
595 1286 734 1339 leges,
762 1285 1004 1338 instituta,
1050 1286 1301 1339 opiniones,
1344 1298 1452 1328 artes

233 1377 279 1406 ac
313 1363 559 1416 disciplinas
599 1375 743 1405 omnes
778 1362 820 1404 in
847 1363 963 1404 omni
999 1365 1111 1404 vitae
1140 1376 1287 1416 genere
1316 1375 1454 1405 versa-

231 1448 315 1482 tas.
359 1439 676 1491 Philosophiam
702 1439 890 1481 Platonis
914 1451 1144 1493 cognoscet
1169 1453 1221 1482 ex
1247 1441 1343 1493 ipso
1362 1440 1456 1481 Pla-

226 1526 355 1559 tone:
389 1516 552 1558 cavebit
575 1517 658 1558 sibi
682 1529 733 1558 ne
755 1517 962 1570 judicium
1003 1518 1092 1569 ipse
1116 1529 1240 1557 suum
1272 1526 1456 1570 occupet

231 1595 353 1646 eique
386 1595 571 1637 inculcet
606 1595 780 1645 aliquod
822 1594 1118 1645 compendium
1157 1593 1458 1646 Philosophiae

234 1670 453 1721 Platonis,
497 1669 634 1720 qualia
673 1668 868 1710 feruntur
902 1677 942 1710 et
983 1669 1182 1711 Veterum
1222 1672 1454 1722 quaedam,

234 1745 364 1788 veluti
389 1745 587 1797 Apuleji,
618 1744 821 1794 Diogenis
847 1743 1034 1796 Laertii,
1066 1745 1268 1798 Alcinoi,
1300 1757 1340 1788 et
1365 1748 1458 1800 plu·

231 1834 275 1863 ra
293 1822 567 1862 recentiorum
594 1822 641 1862 de
647 1821 939 1878 philosophiae
960 1823 1142 1864 historia
1167 1823 1452 1876 Scriptorum.

234 1898 534 1951 Nuncipsum
568 1897 785 1940 Platonem
825 1898 960 1951 leget:
1007 1899 1076 1940 illa
1113 1901 1460 1952 compendiorum

242 1975 496 2017 adminicula
528 1974 735 2026 relinquet
772 1974 947 2016 minutis
987 1975 1071 2017 illis
1105 1985 1144 2017 et
1176 1976 1361 2018 acutulis
1384 1996 1459 2029 με-

236 2054 526 2108 τεωροφέναξι,
560 2051 755 2093 sublimis
782 2051 944 2093 scilicet
969 2051 1197 2104 sapientiae
1234 2054 1461 2105 captatori-

241 2127 346 2168 bus:
378 2126 452 2179 qui
480 2138 609 2179 quum
636 2126 719 2167 sibi
744 2135 784 2167 et
819 2126 1069 2179 philosophi
1103 2137 1143 2168 et
1178 2127 1326 2170 nescio
1352 2128 1458 2181 quid

236 2204 484 2255 videantur,
517 2212 655 2245 tamen
701 2203 962 2255 desiderant,
995 2216 1115 2258 saepe
1148 2205 1270 2246 etiam
1306 2216 1463 2259 postu-

239 2282 327 2322 lant
355 2279 405 2321 ab
436 2279 521 2332 iis,
556 2280 629 2332 qui
660 2279 876 2321 Platonem
916 2280 1138 2333 diligenter
1172 2288 1379 2333 tractant,
1414 2290 1463 2322 ut

244 2353 372 2396 breve
400 2357 698 2407 compendium
721 2356 811 2411 ejus
840 2354 1138 2408 philosophiae
1162 2356 1460 2407 conscribant,

246 2430 508 2471 circumcisis
545 2429 748 2473 omnibus
768 2429 1041 2484 ambagibus3
1075 2442 1167 2471 nam
1199 2442 1289 2471 eum
1314 2432 1464 2472 habere

248 2515 332 2549 tam
365 2509 495 2549 multa
522 2520 544 2549 a
573 2508 802 2562 proposito
838 2506 998 2560 aliena,
1052 2517 1095 2550 ut
1131 2508 1269 2560 magni
1305 2507 1462 2550 laboris

1413 2590 1471 2624 Sit
