<?xml version="1.0" encoding="UTF-8"?>
<!DOCTYPE html PUBLIC "-//W3C//DTD XHTML 1.0 Transitional//EN"
    "http://www.w3.org/TR/xhtml1/DTD/xhtml1-transitional.dtd">
<html xmlns="http://www.w3.org/1999/xhtml" xml:lang="en" lang="en">
 <head>
  <title>
</title>
<meta http-equiv="Content-Type" content="text/html;charset=utf-8" />
  <meta name='ocr-system' content='tesseract 3.04.00' />
  <meta name='ocr-capabilities' content='ocr_page ocr_carea ocr_par ocr_line ocrx_word'/>
</head>
<body>
  <div class='ocr_page' id='page_1' title='image "./opusculavariiarg02wytt/opusculavariiarg02wytt_0392.png"; bbox 0 0 1693 3110; ppageno 0'>
   <div class='ocr_carea' id='block_1_1' title="bbox 264 179 1177 239">
    <p class='ocr_par' dir='ltr' id='par_1_1' title="bbox 264 179 1177 239">
     <span class='ocr_line' id='line_1_1' title="bbox 264 179 1177 239; baseline 0.003 -14"><span class='ocrx_word' id='word_1_1' title='bbox 264 182 350 239; x_wconf 72' lang='lat'>&#39;376</span> <span class='ocrx_word' id='word_1_2' title='bbox 567 179 1177 228; x_wconf 87' lang='lat' dir='ltr'><strong>DISPUTATIO</strong></span> 
     </span>
    </p>
   </div>
   <div class='ocr_carea' id='block_1_2' title="bbox 272 303 1519 2637">
    <p class='ocr_par' dir='ltr' id='par_1_2' title="bbox 272 303 1499 591">
     <span class='ocr_line' id='line_1_2' title="bbox 272 303 1499 364; baseline 0.008 -19"><span class='ocrx_word' id='word_1_3' title='bbox 272 303 389 346; x_wconf 89' lang='lat' dir='ltr'>bebit</span> <span class='ocrx_word' id='word_1_4' title='bbox 429 303 536 346; x_wconf 87' lang='lat' dir='ltr'>enim</span> <span class='ocrx_word' id='word_1_5' title='bbox 571 305 665 359; x_wconf 86' lang='lat' dir='ltr'>ipsa</span> <span class='ocrx_word' id='word_1_6' title='bbox 700 305 889 350; x_wconf 86' lang='lat' dir='ltr'>inventio</span> <span class='ocrx_word' id='word_1_7' title='bbox 923 319 1183 362; x_wconf 80' lang='lat' dir='ltr'>censuraque</span> <span class='ocrx_word' id='word_1_8' title='bbox 1222 315 1499 364; x_wconf 77' lang='lat' dir='ltr'>argumento-³</span> 
     </span>
     <span class='ocr_line' id='line_1_3' title="bbox 273 382 1491 442; baseline 0.007 -19"><span class='ocrx_word' id='word_1_9' title='bbox 273 395 363 424; x_wconf 82' lang='lat' dir='ltr'>rum</span> <span class='ocrx_word' id='word_1_10' title='bbox 389 382 617 425; x_wconf 84' lang='lat' dir='ltr'>faciliorem</span> <span class='ocrx_word' id='word_1_11' title='bbox 642 385 800 426; x_wconf 87' lang='lat' dir='ltr'>exitum</span> <span class='ocrx_word' id='word_1_12' title='bbox 818 415 833 438; x_wconf 81' lang='lat'>,</span> <span class='ocrx_word' id='word_1_13' title='bbox 863 386 900 429; x_wconf 86' lang='lat' dir='ltr'>si</span> <span class='ocrx_word' id='word_1_14' title='bbox 927 386 1048 438; x_wconf 87' lang='lat' dir='ltr'>prius</span> <span class='ocrx_word' id='word_1_15' title='bbox 1073 386 1311 439; x_wconf 86' lang='lat' dir='ltr'>expositum</span> <span class='ocrx_word' id='word_1_16' title='bbox 1335 387 1491 442; x_wconf 90' lang='lat' dir='ltr'>fuerit,</span> 
     </span>
     <span class='ocr_line' id='line_1_4' title="bbox 274 457 1498 514; baseline 0.008 -17"><span class='ocrx_word' id='word_1_17' title='bbox 274 457 446 498; x_wconf 83' lang='lat' dir='ltr'>aliarum</span> <span class='ocrx_word' id='word_1_18' title='bbox 478 458 666 512; x_wconf 87' lang='lat' dir='ltr'>gentium</span> <span class='ocrx_word' id='word_1_19' title='bbox 700 461 752 502; x_wconf 93' lang='lat' dir='ltr'>de</span> <span class='ocrx_word' id='word_1_20' title='bbox 773 461 850 502; x_wconf 86' lang='lat' dir='ltr'>hac</span> <span class='ocrx_word' id='word_1_21' title='bbox 873 472 915 501; x_wconf 86' lang='lat' dir='ltr'>re</span> <span class='ocrx_word' id='word_1_22' title='bbox 949 462 1154 504; x_wconf 80' lang='lat' dir='ltr'>sententia</span> <span class='ocrx_word' id='word_1_23' title='bbox 1179 461 1336 514; x_wconf 89' lang='lat' dir='ltr'>quibus</span> <span class='ocrx_word' id='word_1_24' title='bbox 1360 463 1498 506; x_wconf 81' lang='lat' dir='ltr'>initiis</span> 
     </span>
     <span class='ocr_line' id='line_1_5' title="bbox 275 533 1203 591; baseline 0.006 -16"><span class='ocrx_word' id='word_1_25' title='bbox 275 544 370 575; x_wconf 86' lang='lat' dir='ltr'>orsa</span> <span class='ocrx_word' id='word_1_26' title='bbox 399 533 640 587; x_wconf 89' lang='lat' dir='ltr'>quibusque</span> <span class='ocrx_word' id='word_1_27' title='bbox 664 536 864 590; x_wconf 85' lang='lat' dir='ltr'>gradibus</span> <span class='ocrx_word' id='word_1_28' title='bbox 888 550 1110 591; x_wconf 85' lang='lat' dir='ltr'>progressa</span> <span class='ocrx_word' id='word_1_29' title='bbox 1130 538 1203 581; x_wconf 89' lang='lat' dir='ltr'>sit.</span> 
     </span>
    </p>

    <p class='ocr_par' dir='ltr' id='par_1_3' title="bbox 276 608 1516 2572">
     <span class='ocr_line' id='line_1_6' title="bbox 330 608 1499 670; baseline 0.007 -20"><span class='ocrx_word' id='word_1_30' title='bbox 330 608 483 652; x_wconf 84' lang='lat' dir='ltr'>Omnis</span> <span class='ocrx_word' id='word_1_31' title='bbox 506 610 768 665; x_wconf 84' lang='lat' dir='ltr'>disputatio,</span> <span class='ocrx_word' id='word_1_32' title='bbox 801 625 906 665; x_wconf 85' lang='lat' dir='ltr'>quae</span> <span class='ocrx_word' id='word_1_33' title='bbox 937 614 1005 655; x_wconf 82' lang='lat' dir='ltr'>via</span> <span class='ocrx_word' id='word_1_34' title='bbox 1035 626 1082 655; x_wconf 90' lang='lat' dir='ltr'>ac</span> <span class='ocrx_word' id='word_1_35' title='bbox 1118 615 1280 657; x_wconf 84' lang='lat' dir='ltr'>ratione</span> <span class='ocrx_word' id='word_1_36' title='bbox 1312 615 1499 670; x_wconf 85' lang='lat' dir='ltr'>suscipi-</span> 
     </span>
     <span class='ocr_line' id='line_1_7' title="bbox 276 684 1500 743; baseline 0.006 -18"><span class='ocrx_word' id='word_1_37' title='bbox 276 691 374 737; x_wconf 83' lang='lat' dir='ltr'>tur,</span> <span class='ocrx_word' id='word_1_38' title='bbox 404 684 458 728; x_wconf 86' lang='lat' dir='ltr'>ab</span> <span class='ocrx_word' id='word_1_39' title='bbox 477 687 567 741; x_wconf 73' lang='lat' dir='ltr'>ejils</span> <span class='ocrx_word' id='word_1_40' title='bbox 593 686 679 739; x_wconf 87' lang='lat' dir='ltr'>rei,</span> <span class='ocrx_word' id='word_1_41' title='bbox 711 687 761 729; x_wconf 91' lang='lat' dir='ltr'>de</span> <span class='ocrx_word' id='word_1_42' title='bbox 793 700 876 740; x_wconf 86' lang='lat' dir='ltr'>qua</span> <span class='ocrx_word' id='word_1_43' title='bbox 901 688 1068 742; x_wconf 86' lang='lat' dir='ltr'>agitur,</span> <span class='ocrx_word' id='word_1_44' title='bbox 1099 688 1342 731; x_wconf 87' lang='lat' dir='ltr'>definitione</span> <span class='ocrx_word' id='word_1_45' title='bbox 1369 690 1500 743; x_wconf 86' lang='lat' dir='ltr'>profi·-</span> 
     </span>
     <span class='ocr_line' id='line_1_8' title="bbox 278 763 1499 818; baseline 0.003 -14"><span class='ocrx_word' id='word_1_46' title='bbox 278 763 384 805; x_wconf 90' lang='lat' dir='ltr'>cisci</span> <span class='ocrx_word' id='word_1_47' title='bbox 411 763 557 816; x_wconf 83' lang='lat' dir='ltr'>debet3</span> <span class='ocrx_word' id='word_1_48' title='bbox 590 775 642 807; x_wconf 92' lang='lat' dir='ltr'>ne</span> <span class='ocrx_word' id='word_1_49' title='bbox 677 764 766 818; x_wconf 88' lang='lat' dir='ltr'>ejus</span> <span class='ocrx_word' id='word_1_50' title='bbox 800 765 866 806; x_wconf 83' lang='lat' dir='ltr'>vis</span> <span class='ocrx_word' id='word_1_51' title='bbox 892 774 933 806; x_wconf 90' lang='lat' dir='ltr'>et</span> <span class='ocrx_word' id='word_1_52' title='bbox 962 766 1083 807; x_wconf 89' lang='lat' dir='ltr'>notio</span> <span class='ocrx_word' id='word_1_53' title='bbox 1117 765 1322 818; x_wconf 89' lang='lat' dir='ltr'>fluctuet,</span> <span class='ocrx_word' id='word_1_54' title='bbox 1353 777 1392 807; x_wconf 92' lang='lat' dir='ltr'>et</span> <span class='ocrx_word' id='word_1_55' title='bbox 1415 765 1499 808; x_wconf 92' lang='lat' dir='ltr'>sub</span> 
     </span>
     <span class='ocr_line' id='line_1_9' title="bbox 278 839 1502 893; baseline 0.003 -14"><span class='ocrx_word' id='word_1_56' title='bbox 278 850 368 880; x_wconf 90' lang='lat' dir='ltr'>uno</span> <span class='ocrx_word' id='word_1_57' title='bbox 408 839 575 890; x_wconf 88' lang='lat' dir='ltr'>quidem</span> <span class='ocrx_word' id='word_1_58' title='bbox 611 841 842 892; x_wconf 87' lang='lat' dir='ltr'>eodemque</span> <span class='ocrx_word' id='word_1_59' title='bbox 882 843 1081 893; x_wconf 85' lang='lat' dir='ltr'>nomine,</span> <span class='ocrx_word' id='word_1_60' title='bbox 1123 843 1235 885; x_wconf 88' lang='lat' dir='ltr'>haud</span> <span class='ocrx_word' id='word_1_61' title='bbox 1274 852 1410 885; x_wconf 82' lang='lat' dir='ltr'>tamen</span> <span class='ocrx_word' id='word_1_62' title='bbox 1449 843 1502 884; x_wconf 88' lang='lat' dir='ltr'>de</span> 
     </span>
     <span class='ocr_line' id='line_1_10' title="bbox 277 914 1502 972; baseline 0.005 -18"><span class='ocrx_word' id='word_1_63' title='bbox 277 925 361 955; x_wconf 88' lang='lat' dir='ltr'>una</span> <span class='ocrx_word' id='word_1_64' title='bbox 386 914 610 966; x_wconf 86' lang='lat' dir='ltr'>eademque</span> <span class='ocrx_word' id='word_1_65' title='bbox 637 927 679 956; x_wconf 88' lang='lat' dir='ltr'>re</span> <span class='ocrx_word' id='word_1_66' title='bbox 703 915 960 968; x_wconf 84' lang='lat' dir='ltr'>disputetur.</span> <span class='ocrx_word' id='word_1_67' title='bbox 1019 919 1083 959; x_wconf 85' lang='lat' dir='ltr'>Ac</span> <span class='ocrx_word' id='word_1_68' title='bbox 1107 917 1293 960; x_wconf 83' lang='lat' dir='ltr'>definitio</span> <span class='ocrx_word' id='word_1_69' title='bbox 1317 920 1502 972; x_wconf 84' lang='lat' dir='ltr'>ejusmo-</span> 
     </span>
     <span class='ocr_line' id='line_1_11' title="bbox 278 991 1496 1047; baseline 0.002 -15"><span class='ocrx_word' id='word_1_70' title='bbox 278 992 352 1044; x_wconf 84' lang='lat' dir='ltr'>di,</span> <span class='ocrx_word' id='word_1_71' title='bbox 383 1004 489 1044; x_wconf 84' lang='lat' dir='ltr'>quae</span> <span class='ocrx_word' id='word_1_72' title='bbox 512 991 672 1033; x_wconf 74' lang='lat' dir='ltr'>definiti</span> <span class='ocrx_word' id='word_1_73' title='bbox 693 1002 882 1034; x_wconf 84' lang='lat' dir='ltr'>naturam</span> <span class='ocrx_word' id='word_1_74' title='bbox 910 993 1146 1037; x_wconf 84' lang='lat' dir='ltr'>interiorem</span> <span class='ocrx_word' id='word_1_75' title='bbox 1173 994 1421 1047; x_wconf 84' lang='lat' dir='ltr'>patefaciat,</span> <span class='ocrx_word' id='word_1_76' title='bbox 1446 1003 1496 1035; x_wconf 80' lang='lat' dir='ltr'>ut</span> 
     </span>
     <span class='ocr_line' id='line_1_12' title="bbox 280 1069 1504 1125; baseline 0.001 -14"><span class='ocrx_word' id='word_1_77' title='bbox 280 1070 409 1121; x_wconf 82' lang='lat' dir='ltr'>longe</span> <span class='ocrx_word' id='word_1_78' title='bbox 441 1069 713 1122; x_wconf 80' lang='lat' dir='ltr'>plurimarum</span> <span class='ocrx_word' id='word_1_79' title='bbox 750 1081 916 1123; x_wconf 88' lang='lat' dir='ltr'>rerum,</span> <span class='ocrx_word' id='word_1_80' title='bbox 947 1070 1004 1112; x_wconf 85' lang='lat' dir='ltr'>ita</span> <span class='ocrx_word' id='word_1_81' title='bbox 1032 1072 1111 1113; x_wconf 89' lang='lat' dir='ltr'>Dei</span> <span class='ocrx_word' id='word_1_82' title='bbox 1139 1072 1241 1114; x_wconf 88' lang='lat' dir='ltr'>effici</span> <span class='ocrx_word' id='word_1_83' title='bbox 1275 1074 1390 1114; x_wconf 88' lang='lat' dir='ltr'>nulla</span> <span class='ocrx_word' id='word_1_84' title='bbox 1422 1085 1504 1125; x_wconf 84' lang='lat' dir='ltr'>po·</span> 
     </span>
     <span class='ocr_line' id='line_1_13' title="bbox 280 1147 1502 1204; baseline 0 -15"><span class='ocrx_word' id='word_1_85' title='bbox 280 1156 385 1189; x_wconf 86' lang='lat' dir='ltr'>test.</span> <span class='ocrx_word' id='word_1_86' title='bbox 457 1147 597 1202; x_wconf 79' lang='lat' dir='ltr'>Quare</span> <span class='ocrx_word' id='word_1_87' title='bbox 637 1149 827 1204; x_wconf 86' lang='lat' dir='ltr'>contenti</span> <span class='ocrx_word' id='word_1_88' title='bbox 865 1149 998 1190; x_wconf 85' lang='lat' dir='ltr'>simus</span> <span class='ocrx_word' id='word_1_89' title='bbox 1035 1149 1107 1190; x_wconf 85' lang='lat' dir='ltr'>tali</span> <span class='ocrx_word' id='word_1_90' title='bbox 1143 1150 1233 1204; x_wconf 87' lang='lat' dir='ltr'>ejus</span> <span class='ocrx_word' id='word_1_91' title='bbox 1265 1148 1502 1199; x_wconf 80' lang='lat' dir='ltr'>attributo,</span> 
     </span>
     <span class='ocr_line' id='line_1_14' title="bbox 281 1221 1504 1274; baseline 0 -11"><span class='ocrx_word' id='word_1_92' title='bbox 281 1221 397 1274; x_wconf 85' lang='lat' dir='ltr'>quali</span> <span class='ocrx_word' id='word_1_93' title='bbox 420 1232 632 1274; x_wconf 87' lang='lat' dir='ltr'>tamquam</span> <span class='ocrx_word' id='word_1_94' title='bbox 671 1232 780 1264; x_wconf 88' lang='lat' dir='ltr'>certa</span> <span class='ocrx_word' id='word_1_95' title='bbox 812 1234 914 1264; x_wconf 80' lang='lat' dir='ltr'>nota</span> <span class='ocrx_word' id='word_1_96' title='bbox 942 1234 1180 1265; x_wconf 82' lang='lat' dir='ltr'>secernatur</span> <span class='ocrx_word' id='word_1_97' title='bbox 1203 1224 1254 1264; x_wconf 87' lang='lat' dir='ltr'>ab</span> <span class='ocrx_word' id='word_1_98' title='bbox 1287 1223 1382 1264; x_wconf 84' lang='lat' dir='ltr'>aliis</span> <span class='ocrx_word' id='word_1_99' title='bbox 1411 1234 1504 1264; x_wconf 83' lang='lat' dir='ltr'>om-</span> 
     </span>
     <span class='ocr_line' id='line_1_15' title="bbox 281 1297 1503 1350; baseline -0.003 -9"><span class='ocrx_word' id='word_1_100' title='bbox 281 1298 409 1341; x_wconf 86' lang='lat' dir='ltr'>nibus</span> <span class='ocrx_word' id='word_1_101' title='bbox 432 1299 557 1341; x_wconf 87' lang='lat' dir='ltr'>rebus</span> <span class='ocrx_word' id='word_1_102' title='bbox 573 1327 587 1350; x_wconf 91' lang='lat'>,</span> <span class='ocrx_word' id='word_1_103' title='bbox 613 1298 815 1350; x_wconf 87' lang='lat' dir='ltr'>quodque</span> <span class='ocrx_word' id='word_1_104' title='bbox 838 1310 925 1339; x_wconf 81' lang='lat' dir='ltr'>eam</span> <span class='ocrx_word' id='word_1_105' title='bbox 948 1297 1032 1338; x_wconf 89' lang='lat' dir='ltr'>vim</span> <span class='ocrx_word' id='word_1_106' title='bbox 1056 1299 1207 1349; x_wconf 85' lang='lat' dir='ltr'>habet,</span> <span class='ocrx_word' id='word_1_107' title='bbox 1229 1306 1302 1347; x_wconf 88' lang='lat' dir='ltr'>ut,</span> <span class='ocrx_word' id='word_1_108' title='bbox 1329 1310 1377 1338; x_wconf 90' lang='lat' dir='ltr'>eo</span> <span class='ocrx_word' id='word_1_109' title='bbox 1398 1297 1503 1337; x_wconf 75' lang='lat' dir='ltr'>sub-</span> 
     </span>
     <span class='ocr_line' id='line_1_16' title="bbox 276 1373 1506 1428; baseline -0.005 -10"><span class='ocrx_word' id='word_1_110' title='bbox 276 1386 400 1428; x_wconf 74' lang='lat' dir='ltr'>lato,</span> <span class='ocrx_word' id='word_1_111' title='bbox 433 1376 525 1428; x_wconf 87' lang='lat' dir='ltr'>ipsa</span> <span class='ocrx_word' id='word_1_112' title='bbox 561 1374 734 1415; x_wconf 86' lang='lat' dir='ltr'>tollatur</span> <span class='ocrx_word' id='word_1_113' title='bbox 766 1373 905 1415; x_wconf 84' lang='lat' dir='ltr'>divina</span> <span class='ocrx_word' id='word_1_114' title='bbox 933 1383 1096 1416; x_wconf 86' lang='lat' dir='ltr'>natura.</span> <span class='ocrx_word' id='word_1_115' title='bbox 1155 1373 1287 1426; x_wconf 82' lang='lat' dir='ltr'>Igitur</span> <span class='ocrx_word' id='word_1_116' title='bbox 1320 1373 1364 1414; x_wconf 89' lang='lat' dir='ltr'>in</span> <span class='ocrx_word' id='word_1_117' title='bbox 1388 1384 1506 1413; x_wconf 78' lang='lat' dir='ltr'>sum-</span> 
     </span>
     <span class='ocr_line' id='line_1_17' title="bbox 284 1449 1504 1501; baseline -0.003 -7"><span class='ocrx_word' id='word_1_118' title='bbox 284 1463 350 1494; x_wconf 87' lang='lat' dir='ltr'>ma</span> <span class='ocrx_word' id='word_1_119' title='bbox 384 1450 578 1491; x_wconf 86' lang='lat' dir='ltr'>varietate</span> <span class='ocrx_word' id='word_1_120' title='bbox 613 1449 863 1501; x_wconf 79' lang='lat' dir='ltr'>opinionum</span> <span class='ocrx_word' id='word_1_121' title='bbox 907 1449 1159 1501; x_wconf 87' lang='lat' dir='ltr'>reperiemus</span> <span class='ocrx_word' id='word_1_122' title='bbox 1194 1459 1338 1490; x_wconf 82' lang='lat' dir='ltr'>omnes</span> <span class='ocrx_word' id='word_1_123' title='bbox 1373 1449 1417 1490; x_wconf 90' lang='lat' dir='ltr'>in</span> <span class='ocrx_word' id='word_1_124' title='bbox 1453 1460 1504 1490; x_wconf 89' lang='lat' dir='ltr'>eo</span> 
     </span>
     <span class='ocr_line' id='line_1_18' title="bbox 283 1525 1504 1576; baseline -0.002 -6"><span class='ocrx_word' id='word_1_125' title='bbox 283 1527 524 1571; x_wconf 86' lang='lat' dir='ltr'>consentire</span> <span class='ocrx_word' id='word_1_126' title='bbox 556 1534 596 1567; x_wconf 92' lang='lat' dir='ltr'>et</span> <span class='ocrx_word' id='word_1_127' title='bbox 623 1526 892 1567; x_wconf 89' lang='lat' dir='ltr'>consensisse</span> <span class='ocrx_word' id='word_1_128' title='bbox 926 1525 1146 1576; x_wconf 85' lang='lat' dir='ltr'>homines,</span> <span class='ocrx_word' id='word_1_129' title='bbox 1179 1536 1225 1566; x_wconf 91' lang='lat' dir='ltr'>ut</span> <span class='ocrx_word' id='word_1_130' title='bbox 1251 1526 1385 1567; x_wconf 87' lang='lat' dir='ltr'>Deum</span> <span class='ocrx_word' id='word_1_131' title='bbox 1410 1537 1504 1567; x_wconf 87' lang='lat' dir='ltr'>esse</span> 
     </span>
     <span class='ocr_line' id='line_1_19' title="bbox 282 1599 1504 1655; baseline -0.002 -10"><span class='ocrx_word' id='word_1_132' title='bbox 282 1604 468 1646; x_wconf 89' lang='lat' dir='ltr'>dicerent</span> <span class='ocrx_word' id='word_1_133' title='bbox 505 1602 732 1644; x_wconf 83' lang='lat' dir='ltr'>Naturam</span> <span class='ocrx_word' id='word_1_134' title='bbox 786 1600 953 1655; x_wconf 81' lang='lat' dir='ltr'>(vulgo</span> <span class='ocrx_word' id='word_1_135' title='bbox 994 1599 1310 1654; x_wconf 74' lang='lat' dir='ltr'>substantiam)</span> <span class='ocrx_word' id='word_1_136' title='bbox 1363 1610 1504 1642; x_wconf 60' lang='lat' dir='ltr'>aeter-2</span> 
     </span>
     <span class='ocr_line' id='line_1_20' title="bbox 283 1679 1506 1735; baseline -0.002 -14"><span class='ocrx_word' id='word_1_137' title='bbox 283 1693 383 1722; x_wconf 75' lang='lat' dir='ltr'>nam</span> <span class='ocrx_word' id='word_1_138' title='bbox 398 1709 413 1731; x_wconf 85' lang='lat'>,</span> <span class='ocrx_word' id='word_1_139' title='bbox 445 1693 553 1735; x_wconf 74' lang='lat' dir='ltr'>quae</span> <span class='ocrx_word' id='word_1_140' title='bbox 573 1691 764 1719; x_wconf 80' lang='lat' dir='ltr'>caussam</span> <span class='ocrx_word' id='word_1_141' title='bbox 786 1685 1011 1721; x_wconf 74' lang='lat' dir='ltr'>moventem</span> <span class='ocrx_word' id='word_1_142' title='bbox 1037 1679 1216 1719; x_wconf 73' lang='lat' dir='ltr'>omnium</span> <span class='ocrx_word' id='word_1_143' title='bbox 1241 1691 1385 1719; x_wconf 79' lang='lat' dir='ltr'>rerum</span> <span class='ocrx_word' id='word_1_144' title='bbox 1410 1692 1506 1719; x_wconf 86' lang='lat' dir='ltr'>con-</span> 
     </span>
     <span class='ocr_line' id='line_1_21' title="bbox 284 1754 1502 1813; baseline -0.002 -14"><span class='ocrx_word' id='word_1_145' title='bbox 284 1760 450 1809; x_wconf 76' lang='lat' dir='ltr'>tineat,</span> <span class='ocrx_word' id='word_1_146' title='bbox 481 1769 653 1813; x_wconf 78' lang='lat' dir='ltr'>eamque</span> <span class='ocrx_word' id='word_1_147' title='bbox 684 1768 838 1797; x_wconf 76' lang='lat' dir='ltr'>summe</span> <span class='ocrx_word' id='word_1_148' title='bbox 871 1754 1173 1809; x_wconf 71' lang='lat' dir='ltr'>intelligentem</span> <span class='ocrx_word' id='word_1_149' title='bbox 1199 1768 1249 1794; x_wconf 75' lang='lat' dir='ltr'>cte</span> <span class='ocrx_word' id='word_1_150' title='bbox 1271 1763 1502 1810; x_wconf 59' lang='lat' dir='ltr'>potentem»</span> 
     </span>
     <span class='ocr_line' id='line_1_22' title="bbox 286 1831 1502 1885; baseline -0.002 -10"><span class='ocrx_word' id='word_1_151' title='bbox 286 1833 427 1885; x_wconf 63' lang='lat' dir='ltr'>Bam,</span> <span class='ocrx_word' id='word_1_152' title='bbox 469 1843 516 1874; x_wconf 91' lang='lat' dir='ltr'>ut</span> <span class='ocrx_word' id='word_1_153' title='bbox 553 1842 737 1874; x_wconf 88' lang='lat' dir='ltr'>ceterum</span> <span class='ocrx_word' id='word_1_154' title='bbox 773 1831 982 1874; x_wconf 87' lang='lat' dir='ltr'>dissensio</span> <span class='ocrx_word' id='word_1_155' title='bbox 1017 1832 1073 1873; x_wconf 87' lang='lat' dir='ltr'>sit</span> <span class='ocrx_word' id='word_1_156' title='bbox 1115 1833 1318 1883; x_wconf 80' lang='lat' dir='ltr'>maxima,</span> <span class='ocrx_word' id='word_1_157' title='bbox 1359 1842 1502 1874; x_wconf 88' lang='lat' dir='ltr'>utrum</span> 
     </span>
     <span class='ocr_line' id='line_1_23' title="bbox 287 1907 1507 1960; baseline -0.004 -7"><span class='ocrx_word' id='word_1_158' title='bbox 287 1909 405 1954; x_wconf 89' lang='lat' dir='ltr'>Deus</span> <span class='ocrx_word' id='word_1_159' title='bbox 447 1908 503 1951; x_wconf 87' lang='lat' dir='ltr'>sit</span> <span class='ocrx_word' id='word_1_160' title='bbox 547 1920 768 1960; x_wconf 86' lang='lat' dir='ltr'>corporeae</span> <span class='ocrx_word' id='word_1_161' title='bbox 797 1917 995 1959; x_wconf 86' lang='lat' dir='ltr'>naturae,</span> <span class='ocrx_word' id='word_1_162' title='bbox 1036 1919 1112 1949; x_wconf 90' lang='lat' dir='ltr'>nec</span> <span class='ocrx_word' id='word_1_163' title='bbox 1157 1919 1236 1960; x_wconf 86' lang='lat' dir='ltr'>ne,</span> <span class='ocrx_word' id='word_1_164' title='bbox 1277 1916 1416 1948; x_wconf 85' lang='lat' dir='ltr'>utrum</span> <span class='ocrx_word' id='word_1_165' title='bbox 1450 1907 1507 1948; x_wconf 77' lang='lat' dir='ltr'>sit</span> 
     </span>
     <span class='ocr_line' id='line_1_24' title="bbox 289 1982 1504 2035; baseline -0.003 -7"><span class='ocrx_word' id='word_1_166' title='bbox 289 1985 462 2028; x_wconf 84' lang='lat' dir='ltr'>effector</span> <span class='ocrx_word' id='word_1_167' title='bbox 495 1983 712 2035; x_wconf 86' lang='lat' dir='ltr'>materiae,</span> <span class='ocrx_word' id='word_1_168' title='bbox 744 1994 799 2024; x_wconf 91' lang='lat' dir='ltr'>an</span> <span class='ocrx_word' id='word_1_169' title='bbox 830 1982 1119 2025; x_wconf 86' lang='lat' dir='ltr'>conformator</span> <span class='ocrx_word' id='word_1_170' title='bbox 1143 1992 1332 2033; x_wconf 88' lang='lat' dir='ltr'>tantum,</span> <span class='ocrx_word' id='word_1_171' title='bbox 1366 1993 1504 2025; x_wconf 84' lang='lat' dir='ltr'>utrum</span> 
     </span>
     <span class='ocr_line' id='line_1_25' title="bbox 294 2057 1505 2109; baseline -0.004 -5"><span class='ocrx_word' id='word_1_172' title='bbox 294 2073 413 2104; x_wconf 79' lang='lat' dir='ltr'>extra</span> <span class='ocrx_word' id='word_1_173' title='bbox 446 2061 552 2102; x_wconf 87' lang='lat' dir='ltr'>hanc</span> <span class='ocrx_word' id='word_1_174' title='bbox 592 2070 727 2100; x_wconf 88' lang='lat' dir='ltr'>rerum</span> <span class='ocrx_word' id='word_1_175' title='bbox 763 2057 1080 2100; x_wconf 83' lang='lat' dir='ltr'>universitatem</span> <span class='ocrx_word' id='word_1_176' title='bbox 1120 2057 1175 2098; x_wconf 88' lang='lat' dir='ltr'>sit</span> <span class='ocrx_word' id='word_1_177' title='bbox 1208 2057 1405 2109; x_wconf 88' lang='lat' dir='ltr'>positus,</span> <span class='ocrx_word' id='word_1_178' title='bbox 1453 2071 1505 2101; x_wconf 85' lang='lat' dir='ltr'>an</span> 
     </span>
     <span class='ocr_line' id='line_1_26' title="bbox 296 2133 1508 2192; baseline -0.005 -13"><span class='ocrx_word' id='word_1_179' title='bbox 296 2150 370 2192; x_wconf 88' lang='lat' dir='ltr'>per</span> <span class='ocrx_word' id='word_1_180' title='bbox 403 2149 492 2179; x_wconf 88' lang='lat' dir='ltr'>eam</span> <span class='ocrx_word' id='word_1_181' title='bbox 518 2145 647 2178; x_wconf 82' lang='lat' dir='ltr'>totam</span> <span class='ocrx_word' id='word_1_182' title='bbox 684 2134 895 2185; x_wconf 87' lang='lat' dir='ltr'>diffusus,</span> <span class='ocrx_word' id='word_1_183' title='bbox 925 2142 997 2174; x_wconf 84' lang='lat' dir='ltr'>aut</span> <span class='ocrx_word' id='word_1_184' title='bbox 1021 2144 1310 2184; x_wconf 83' lang='lat' dir='ltr'>quaecumque</span> <span class='ocrx_word' id='word_1_185' title='bbox 1344 2133 1508 2174; x_wconf 86' lang='lat' dir='ltr'>tandem</span> 
     </span>
     <span class='ocr_line' id='line_1_27' title="bbox 294 2207 1509 2266; baseline -0.005 -10"><span class='ocrx_word' id='word_1_186' title='bbox 294 2215 353 2257; x_wconf 91' lang='lat' dir='ltr'>sit</span> <span class='ocrx_word' id='word_1_187' title='bbox 397 2213 475 2255; x_wconf 87' lang='lat' dir='ltr'>alia</span> <span class='ocrx_word' id='word_1_188' title='bbox 516 2216 722 2266; x_wconf 67' lang='lat' dir='ltr'>varietasg,</span> <span class='ocrx_word' id='word_1_189' title='bbox 768 2223 915 2254; x_wconf 86' lang='lat' dir='ltr'>ornnes</span> <span class='ocrx_word' id='word_1_190' title='bbox 961 2220 1073 2250; x_wconf 88' lang='lat' dir='ltr'>certe</span> <span class='ocrx_word' id='word_1_191' title='bbox 1118 2209 1162 2250; x_wconf 88' lang='lat' dir='ltr'>in</span> <span class='ocrx_word' id='word_1_192' title='bbox 1208 2219 1257 2249; x_wconf 90' lang='lat' dir='ltr'>eo</span> <span class='ocrx_word' id='word_1_193' title='bbox 1302 2207 1509 2250; x_wconf 81' lang='lat' dir='ltr'>attributo</span> 
     </span>
     <span class='ocr_line' id='line_1_28' title="bbox 298 2282 1514 2342; baseline -0.005 -11"><span class='ocrx_word' id='word_1_194' title='bbox 298 2290 417 2342; x_wconf 90' lang='lat' dir='ltr'>quod</span> <span class='ocrx_word' id='word_1_195' title='bbox 451 2287 717 2341; x_wconf 77' lang='lat' dir='ltr'>posuimus,-</span> <span class='ocrx_word' id='word_1_196' title='bbox 746 2285 1025 2329; x_wconf 87' lang='lat' dir='ltr'>conveniunt.</span> <span class='ocrx_word' id='word_1_197' title='bbox 1097 2285 1156 2327; x_wconf 90' lang='lat' dir='ltr'>Et</span> <span class='ocrx_word' id='word_1_198' title='bbox 1196 2296 1289 2327; x_wconf 85' lang='lat' dir='ltr'>vere</span> <span class='ocrx_word' id='word_1_199' title='bbox 1330 2282 1514 2326; x_wconf 85' lang='lat' dir='ltr'>Lactan-</span> 
     </span>
     <span class='ocr_line' id='line_1_29' title="bbox 295 2360 1512 2418; baseline -0.006 -12"><span class='ocrx_word' id='word_1_200' title='bbox 295 2365 415 2417; x_wconf 87' lang='lat' dir='ltr'>tius,</span> <span class='ocrx_word' id='word_1_201' title='bbox 456 2362 600 2405; x_wconf 90' lang='lat' dir='ltr'>Instit.</span> <span class='ocrx_word' id='word_1_202' title='bbox 637 2364 683 2414; x_wconf 88' lang='lat' dir='ltr'>I,</span> <span class='ocrx_word' id='word_1_203' title='bbox 722 2377 779 2418; x_wconf 84' lang='lat'>5,</span> <span class='ocrx_word' id='word_1_204' title='bbox 822 2375 891 2405; x_wconf 80' lang='lat'>21.</span> <span class='ocrx_word' id='word_1_205' title='bbox 937 2361 1274 2403; x_wconf 83' lang='lat' dir='ltr'>commemoratis</span> <span class='ocrx_word' id='word_1_206' title='bbox 1317 2360 1512 2411; x_wconf 87' lang='lat' dir='ltr'>pbiloso-</span> 
     </span>
     <span class='ocr_line' id='line_1_30' title="bbox 301 2435 1509 2494; baseline -0.004 -13"><span class='ocrx_word' id='word_1_207' title='bbox 301 2441 482 2494; x_wconf 81' lang='lat' dir='ltr'>phorum</span> <span class='ocrx_word' id='word_1_208' title='bbox 521 2441 570 2481; x_wconf 88' lang='lat' dir='ltr'>de</span> <span class='ocrx_word' id='word_1_209' title='bbox 614 2440 705 2481; x_wconf 86' lang='lat' dir='ltr'>Deo</span> <span class='ocrx_word' id='word_1_210' title='bbox 743 2437 1050 2491; x_wconf 81' lang='lat' dir='ltr'>opinionibus,</span> <span class='ocrx_word' id='word_1_211' title='bbox 1094 2435 1150 2477; x_wconf 84' lang='lat' dir='ltr'>ita</span> <span class='ocrx_word' id='word_1_212' title='bbox 1194 2435 1509 2488; x_wconf 83' lang='lat' dir='ltr'>pronunciavit.</span> 
     </span>
     <span class='ocr_line' id='line_1_31' title="bbox 307 2512 1516 2572; baseline -0.011 -14"><span class='ocrx_word' id='word_1_213' title='bbox 307 2548 334 2572; x_wconf 85' lang='lat'>„</span> <span class='ocrx_word' id='word_1_214' title='bbox 366 2519 528 2562; x_wconf 80' lang='lat' dir='ltr'>Horum</span> <span class='ocrx_word' id='word_1_215' title='bbox 568 2518 748 2557; x_wconf 79' lang='lat' dir='ltr'>omnium</span> <span class='ocrx_word' id='word_1_216' title='bbox 785 2515 1024 2565; x_wconf 75' lang='lat' dir='ltr'>sementia,</span> <span class='ocrx_word' id='word_1_217' title='bbox 1065 2514 1257 2568; x_wconf 74' lang='lat' dir='ltr'>quamvis</span> <span class='ocrx_word' id='word_1_218' title='bbox 1290 2513 1343 2555; x_wconf 78' lang='lat' dir='ltr'>sit</span> <span class='ocrx_word' id='word_1_219' title='bbox 1377 2512 1516 2550; x_wconf 73' lang='lat' dir='ltr'>incer-</span> 
     </span>
    </p>

    <p class='ocr_par' dir='ltr' id='par_1_4' title="bbox 1379 2591 1519 2637">
     <span class='ocr_line' id='line_1_32' title="bbox 1379 2591 1519 2637; baseline -0.021 0"><span class='ocrx_word' id='word_1_220' title='bbox 1379 2612 1409 2637; x_wconf 70' lang='lat'><strong>„</strong></span> <span class='ocrx_word' id='word_1_221' title='bbox 1438 2591 1519 2634; x_wconf 56' lang='lat' dir='ltr'>‘a’</span> 
     </span>
    </p>
   </div>
  </div>
 </body>
</html>
