1693 3110
461 179 796 232 PHAEnoms
831 169 1179 232 PLATonrcr.
1345 180 1426 246 κύ)

208 297 245 348 fl
266 314 340 349 nec
363 307 512 352 minui.
577 306 685 351 Nam
711 320 787 351 nec
809 321 1013 363 pereunt,
1038 302 1087 354 ut
1110 310 1323 354 vidimusx
1348 322 1427 353 nec

210 382 353 437 plures
377 384 514 436 fiunt,
546 386 644 438 quia
674 396 724 426 ex
751 387 899 427 natura
932 387 1099 428 mortali
1131 398 1329 428 numerus
1363 399 1430 428 ea-

208 466 301 500 rurn
326 461 539 514 augendus
564 468 675 502 esset
693 490 707 511 ,
738 467 779 501 et
805 459 861 500 ita
885 461 1084 512 paulatim
1110 455 1249 503 Omnia
1272 472 1429 503 morta-

204 535 261 577 lia
286 536 337 578 ad
360 534 719 577 Immortalitatem
747 535 1079 578 traducerentur.
1143 536 1293 579 Anima
1319 538 1427 589 quo'-

203 621 314 662 que,
340 610 543 662 siquidem
567 619 630 650 est
653 621 818 652 aeterna
836 640 850 662 ,
875 619 923 651 ut
946 609 1139 663 profecto
1160 622 1224 652 est
1239 644 1253 664 ‚
1277 612 1332 654 ita
1357 614 1426 654 de-

203 685 276 727 bet
292 685 525 730 constituta
547 697 668 736 esse,
700 694 748 727 ut
772 686 917 726 nullus
938 685 993 726 sit
1016 687 1202 737 partium
1226 688 1318 742 ejus
1339 687 1426 730 dis'-

197 772 376 814 sensus,
407 762 479 803 secl
503 760 707 802 maximus
730 758 1015 803 consensus.'’
1075 760 1293 803 Hactenus
1322 774 1418 811 per-

199 835 304 878 tinet
328 837 410 879 hoc
436 847 742 889 argumentum.
806 837 913 890 Ejus
944 837 1051 878 duae
1077 847 1213 888 partes
1257 846 1421 888 postre‘-

195 922 318 963 mae,
351 913 402 954 de
431 924 608 955 numero
633 914 877 955 Animarum
907 924 982 955 nec
1023 912 1217 964 augendo
1244 924 1318 952 nec
1343 912 1424 953 mi·

196 987 395 1038 nuendo‚
428 997 466 1028 et
491 989 540 1029 de
574 989 753 1041 partium
793 988 931 1042 ipsius
962 1000 1206 1039 consensu,
1236 987 1422 1041 adjectae

197 1072 302 1104 sunt
320 1063 450 1104 veluti
469 1074 518 1104 ex
543 1064 800 1106 abundanti:
831 1074 871 1104 et
897 1063 1067 1105 uberius
1089 1055 1353 1115 explicantur
1375 1048 1421 1104 in

195 1130 444 1188 Phaedone,
491 1148 537 1179 ut
572 1150 670 1180 mox
708 1139 960 1183 videbimus.
1033 1138 1152 1180 Prior
1181 1149 1282 1179 vero
1322 1122 1420 1188 pars

190 1213 370 1254 omnino
393 1213 600 1255 acuminis
625 1215 786 1258 laudem
815 1214 968 1267 habet,
999 1224 1039 1256 et
1062 1216 1111 1255 ad
1135 1225 1325 1267 magnam
1354 1223 1422 1255 ve-

196 1288 557 1331 risimilitudinem
582 1291 780 1343 explicari
800 1302 965 1344 potest;
990 1291 1027 1332 si
1048 1290 1216 1343 quidem
1235 1302 1284 1329 ex
1303 1300 1422 1330 com-

192 1365 411 1418 paratione
435 1377 571 1407 rerum
599 1378 894 1418 corporearum
925 1367 1189 1416 ostenditur,
1234 1375 1320 1406 non
1347 1365 1425 1405 ha-

186 1438 292 1483 'bere
314 1442 509 1484 Animam
547 1441 590 1483 in
627 1454 673 1483 se·
702 1443 910 1496 ejusmodi
947 1443 1132 1493 malum,
1175 1436 1313 1493 neque
1348 1452 1418 1480 ex-

181 1518 407 1559 ·trinsecus
432 1516 621 1571 accipere
638 1530 796 1572 posse,
833 1530 920 1570 quo
946 1516 1240 1571 exstinguatur
1262 1516 1355 1569 ipsa
1376 1517 1419 1555 e't

180 1600 347 1646 pereat.
925 1604 929 1609 '

252 1667 483 1711 Videamus
505 1670 588 1724 J‘am
625 1668 676 1710 de
705 1662 952 1722 Phaedone3
987 1668 1060 1721 qui
1085 1667 1134 1709 ab
1160 1668 1275 1710 omni
1309 1661 1417 1711 anti·
1462 1677 1554 1734 Ἀνς.
1579 1685 1622 1711 ex

182 1743 357 1795 ·quitate
396 1744 432 1786 is
469 1745 638 1785 habitus
666 1752 732 1785 est
774 1744 909 1794 liber,
941 1745 983 1785 in
1009 1756 1096 1795 quo
1122 1745 1304 1785 rationes
1332 1740 1417 1786 Im'-
1438 1720 1623 1753 Pnaedone.

193 1818 462 1860 mortalitatis
492 1819 742 1860 Animorum
784 1819 1027 1872 gravissime
1061 1820 1421 1863 luculentissime.

192 1904 277 1946 que
302 1893 516 1947 expositae
539 1883 697 1936 essent.
756 1893 878 1947 Quae
915 1894 1081 1946 quidem
1120 1896 1228 1937 libro
1250 1897 1342 1939 laus
1378 1908 1419 1939 et

190 1969 424 2011 auctoritas
454 1970 679 2012 conciliata
714 1980 777 2010 est
796 2001 810 2021 ‚
841 1982 929 2011 non
956 1980 1037 2010 tam
1075 1970 1271 2012 firmitate
1294 1983 1420 2025 argu.

191 2053 461 2097 mentorum,
509 2057 633 2096 quam
670 2045 911 2097 eloquentia
944 2045 1152 2089 Platonis,
1226 2047 1418 2089 Habetur

165 2118 306 2162 ”enim
334 2121 570 2173 disputatio
605 2133 656 2163 ex
691 2122 876 2175 persona
912 2121 1128 2173 Socratis,
1162 2121 1234 2174 qui
1259 2123 1409 2165 ultimo

174 2195 303 2237 *vitae
328 2196 393 2237 die
415 2196 456 2237 in
477 2209 636 2238 carcere
659 2197 708 2238 ad
735 2196 895 2237 amicos
919 2196 1115 2247 disserit,
1148 2198 1263 2238 tanta
1288 2199 1418 2240 animi

198 2259 505 2322 tranquillitate
523 2285 569 2313 ac
594 2272 912 2325 magnitudine⁹
930 2273 1045 2313 tanta
1069 2270 1222 2314 fiducia
1247 2286 1293 2316 ac
1323 2287 1418 2327 per.

194 2345 398 2387 suasione
439 2346 601 2389 futurae
639 2347 884 2397 felicitatis,
916 2358 993 2398 ut,
1023 2359 1110 2388 non
1135 2349 1185 2389 ad
1209 2361 1416 2402 mortem,

164 2431 175 2437 ”
192 2420 264 2462 sed
286 2423 335 2462 ad
374 2421 557 2463 Deorum
592 2423 896 2464 Immortalium
935 2414 1195 2464 domicilium
1222 2425 1332 2465 abire
1355 2425 1420 2466 vi·

169 2494 354 2539 “deatum
421 2495 583 2552 Quare,
617 2500 734 2552 quod
758 2497 883 2550 dico,
909 2497 943 2539 si
968 2497 1071 2552 quid
1093 2509 1158 2540 est
1180 2498 1223 2541 in
1246 2500 1338 2553 ipsa
1356 2509 1421 2539 ar-

1343 2585 1423 2629 gu·
