1693 3110
213 168 303 216 234
602 149 1059 199 MEMORIA

220 277 593 330 complectendae,
636 279 677 312 et
721 271 916 325 partibus
955 272 1264 319 describendae.
1349 279 1450 324 Hie.

212 363 299 395 erat
335 350 569 392 Literarum
611 356 860 397 proventus.
921 346 999 388 Rei
1035 358 1172 389 autern
1208 350 1427 394 familiaris

215 426 471 469 uberrimum
498 422 756 482 percipiebat
780 421 967 464 fructum
997 424 1020 466 ὲ
1046 424 1248 477 diligente
1275 425 1432 469 libero-

215 515 307 545 rum
336 500 584 542 educatione
604 500 655 541 ad
675 501 882 553 egregiam
904 513 1023 553 spem
1050 502 1354 545 crescentium:
1383 503 1435 546 fi-

212 578 283 622 liis
308 580 391 634 jain
416 587 579 619 tantum
595 608 613 630 0
646 588 850 630 quantum
877 591 951 631 per
976 591 1118 621 eorum
1143 589 1313 623 aetatem
1335 581 1437 623 lice-

212 657 319 709 bat,
353 655 593 709 provectis:
628 656 784 710 majore
805 656 856 697 ad
881 668 1035 698 munus
1058 657 1269 718 Accensi‚
1299 658 1432 711 vulgo

214 735 373 780 Locum
409 735 592 775 tenentis
633 733 768 784 dicti,
810 732 855 774 in
890 732 1081 786 Legione
1114 733 1430 778 Bellovacensi:

211 812 401 863 minore,
433 811 476 853 in
500 811 646 852 schola
674 809 827 852 Alaisia
855 811 907 852 ad
944 810 1131 851 militiam
1157 811 1342 852 navalem
1369 811 1437 853 in-

212 891 403 940 stituto,
435 898 475 929 et
510 886 751 940 propediem
793 886 836 928 in
874 899 959 929 earn
994 887 1230 939 allegendo.
1290 887 1348 928 Et
1371 886 1436 927 vi·.·

212 966 392 1009 debatur
412 974 614 1019 perpetua
637 964 735 1005 haec
761 963 871 1006 vitae
890 963 1149 1016 prosperitas
1165 963 1306 1005 futura
1328 963 1436 1006 fuis„

210 1057 283 1097 se3
322 1042 405 1085 nisi
447 1055 532 1083 eam
585 1041 808 1092 inopinato
855 1039 1011 1082 Gallici
1055 1040 1171 1093 regni
1211 1040 1435 1081 conversio

210 1118 530 1173 prostravisset.
590 1116 701 1159 Nam
739 1129 869 1169 quum
903 1128 1138 1169 speraretur
1169 1116 1433 1158 Comitatum

208 1196 547 1240 Avenionensem
589 1203 629 1236 et
662 1194 1038 1236 Vindausciensem
1059 1225 1072 1245 ‚
1105 1194 1179 1246 qui
1215 1202 1355 1234 essent
1389 1192 1434 1234 in

211 1272 373 1315 ditione
393 1271 616 1313 Pontificis
643 1270 854 1320 Romani,
887 1270 909 1311 ἐι
931 1271 1186 1322 contagione
1210 1269 1431 1310 seditionis

208 1350 418 1392 immunes
443 1347 562 1400 fore3
595 1348 702 1388 hanc
727 1359 843 1400 spem
875 1357 1049 1389 eventus
1076 1346 1244 1388 fefellit.
1308 1345 1434 1388 Obti-

213 1425 311 1472 nuit
339 1423 433 1464 illas
459 1433 588 1464 terras
614 1423 770 1464 cohors
791 1421 1023 1475 Jouiuani,
1054 1419 1164 1462 ferro
1191 1431 1229 1462 et
1252 1421 1431 1463 flammis

211 1512 441 1556 grassans,
472 1499 642 1541 civibus
677 1501 829 1540 veteris
865 1498 1024 1539 formae
1051 1496 1286 1548 studiosis,
1320 1498 1434 1550 opti-

210 1576 422 1626 maribus,
455 1574 674 1615 nobilibus
691 1604 706 1625 ,
731 1574 853 1625 aliis,
878 1584 1077 1626 praesens
1099 1572 1269 1614 exitium
1295 1574 1433 1614 omni-

205 1652 289 1693 bus
312 1653 522 1693 intentans
539 1681 554 1702 ,
580 1650 725 1692 multis
750 1649 949 1691 inferens.
992 1649 1081 1691 Hac
1106 1649 1288 1702 primum
1308 1648 1433 1691 Mor,

205 1728 436 1771 moironem
478 1728 727 1770 adventante
774 1740 888 1771 anno
927 1727 1235 1781 MDCCXCI,
1289 1740 1433 1772 mense

206 1803 377 1855 Aprili,
408 1801 742 1844 Sanctoerucius
783 1802 954 1843 domum
983 1811 1194 1855 paternam
1227 1804 1427 1856 reliquitt

202 1878 382 1919 abeunte
416 1875 567 1928 rediit,
602 1889 677 1929 spe
713 1878 879 1931 quidem
914 1878 983 1919 ille
1011 1878 1168 1930 quietis
1193 1887 1236 1920 et
1258 1890 1438 1933 recupeo

205 1953 355 1996 randae
381 1953 733 2006 tranquillitatis3
767 1966 808 1995 re
831 1964 870 1995 et
895 1953 1008 1996 sacto
1025 1985 1039 2006 ‚
1062 1955 1252 2008 graviora
1278 1968 1430 2008 passu·-

205 2043 310 2082 rus,
355 2038 396 2071 et
430 2029 621 2081 proxima
651 2042 870 2082 supremae
912 2030 1153 2072 necessitati
1184 2031 1424 2076 subiturus.

199 2109 409 2160 Sequente
452 2106 561 2147 enim
603 2120 716 2149 anno
742 2107 1077 2159 MDCCXCH,
1108 2109 1262 2149 carceri
1288 2109 1424 2149 inelu-

200 2201 278 2230 sus
296 2219 309 2240 ‚
337 2189 510 2241 jamque
533 2188 576 2229 iu
601 2199 838 2241 conspectu
863 2189 1017 2231 habens
1045 2201 1190 2242 pegma
1221 2189 1425 2241 supplicii

203 2265 553 2318 monife-amque
577 2269 789 2320 securim,
821 2268 969 2310 mirum
996 2268 1039 2310 in
1065 2271 1237 2309 modum
1261 2269 1423 2320 evasit,

200 2352 272 2394 et,
305 2352 466 2384 mutato
500 2343 662 2384 vestitu
699 2344 965 2396 habituque,
996 2342 1208 2384 Lutetiam
1245 2343 1428 2384 Parisio-

199 2430 290 2459 rum
320 2419 525 2471 pervenit.
588 2418 739 2470 Uxor,
773 2419 918 2459 relicto
946 2428 1081 2460 vetere
1117 2418 1427 2461 Mormoironis

197 2492 450 2546 domicilio,
479 2493 740 2538 Avenionem
777 2507 822 2537 se
855 2494 1069 2541 contulit:
1103 2506 1173 2549 et,
1203 2506 1310 2547 quae
1344 2506 1422 2536 sua

1323 2578 1427 2611 con·
