1693 3110
256 174 372 228 246‘
432 169 668 217 ANNoT.
708 179 770 211 An
808 165 850 222 J.
893 163 1050 211 BAKH
1090 166 1328 215 LIBRUM

262 295 385 352 puli,
410 302 449 334 et
471 305 520 334 ex
536 291 672 344 primo
699 290 928 343 specimine
948 300 1107 340 caetera
1122 292 1269 336 deinde
1283 305 1358 344 sua
1378 297 1485 340 scria

263 380 337 424 pta
364 367 596 410 lectoribus
621 366 932 419 approbarunt.
993 368 1052 411 Et
1084 377 1133 410 tu
1164 370 1228 413 sic
1259 370 1413 427 facies,
1441 385 1485 418 et

258 446 305 488 in
327 453 544 497 posterum
568 442 659 483 sine
679 444 765 484 isto
788 443 946 485 cortice
971 456 1063 486 meo
1086 445 1265 505 natabis.

299 520 401 562 'Est
422 519 581 573 igitur,
611 520 670 562 rni
692 519 823 570 Baki,
854 519 923 561 hic
947 521 996 562 de
1012 521 1247 564 Posidonio
1272 534 1486 567 commena

259 595 394 641 tarius
422 596 551 648 prima
578 596 731 647 pensio
768 595 895 648 spei,
926 609 1053 649 quam
1076 606 1122 639 tu
1147 599 1198 640 de
1222 608 1262 639 te
1296 599 1399 641 mihi
1421 613 1485 642 re-

261 685 361 717 cens
384 673 636 715 conciliatus
658 672 870 716 excitasti.
931 675 1019 715 Alii
1041 675 1146 716 enim
1171 686 1273 718 sunt
1296 677 1485 729 discipu-

258 750 319 801 li,
351 750 425 801 qui
459 751 539 793 hoc
575 749 813 791 Literarum
844 751 1034 792 studium
1062 752 1105 792 in
1132 753 1292 794 nostris
1313 753 1482 796 demum

260 826 421 868 scholis
458 826 730 878 concipiant:
764 826 865 879 alii,
898 827 972 879 qui
998 828 1184 872 afferant.
1246 828 1316 870 Tu
1348 830 1392 871 id
1416 840 1503 873 at·-

256 901 395 942 tulisti
430 913 479 942 ex
523 900 747 954 disciplina
771 903 1053 954 praeceptoris
1081 904 1174 955 tui,
1205 903 1254 944 F.
1286 903 1342 945 A.
1373 902 1482 947 Bos-

252 978 344 1028 sei,
377 975 606 1029 Gymnasii
641 977 684 1018 in
718 976 794 1017 hac
826 976 940 1017 Urbe
962 976 1145 1029 Latini,
1177 986 1280 1019 tunc
1316 979 1479 1020 Com-ea

253 1053 413 1105 ctoris,
438 1065 550 1094 nunc
576 1053 771 1095 Rectoris
787 1053 1351 1107 ,viridoctissimi,optime
1374 1066 1478 1097 sane

253 1130 415 1181 meriti,
443 1140 482 1170 et
505 1130 555 1171 de
577 1138 619 1170 te
635 1159 650 1180 ,
667 1130 894 1172 etomnino
917 1130 967 1172 de
991 1130 1066 1172 illo
1091 1129 1329 1184 Gymnasio
1346 1161 1361 1182 ,
1377 1142 1478 1176 cum

258 1219 451 1248 accurata
484 1208 783 1248 elementorum
822 1207 1125 1258 institutione,
1169 1217 1259 1248 tum
1294 1207 1477 1261 ingeniis.

248 1284 475 1336 elegantiae
504 1295 630 1324 sensu
667 1283 935 1335 imbuendis,
980 1294 1068 1325 tum
1102 1296 1200 1325 vero
1235 1283 1385 1326 animis
1420 1271 1487 1326 εἶθ

250 1360 380 1417 studii
415 1359 695 1401 constantiam
722 1358 1053 1411 confirmandis,
1085 1371 1158 1412 per
1189 1370 1313 1411 quarn
1349 1360 1474 1400 unice

247 1433 529 1476 constantiam
567 1437 699 1486 ἄνδρες
735 1436 964 1486 ἀριπρεπέες
993 1437 1212 1478 τελέθουσι.
1272 1434 1354 1476 His
1375 1446 1474 1476 cum

250 1513 427 1556 dotibus
463 1524 592 1566 quum
623 1522 670 1552 tu
704 1512 896 1553 naturale
921 1512 1043 1553 etiam
1078 1512 1235 1553 bonum
1261 1511 1472 1564 adferres‚

248 1590 480 1636 industriae
513 1620 527 1640 ,
580 1588 786 1639 rationis,
828 1585 1022 1641 judicii3
1077 1587 1137 1628 sie
1184 1586 1287 1628 meis
1319 1587 1474 1628 -scho-x

250 1667 302 1707 lis
331 1678 497 1718 operam
532 1664 795 1715 dc‹.iisti,'ut
833 1664 894 1704 nii
929 1663 1140 1716 excidere,
1175 1663 1235 1704 nil
1259 1664 1475 1714 interram

249 1744 426 1786 defluere
460 1744 646 1784 sineres:
682 1742 949 1791 eamdemque
984 1741 1091 1781 viam
1121 1741 1358 1783 domestico
1382 1751 1477 1783 stu-

251 1818 323 1859 dio
346 1817 534 1866 legendis
573 1814 864 1866 Scriptoribus
880 1814 1064 1856 'Graecis
1088 1825 1128 1857 et
1155 1813 1359 1857 Romanis
1383 1827 1475 1868 per-

247 1895 500 1947 sequereris.
564 1896 713 1945 Itaque
749 1894 874 1935 tertio
908 1895 990 1947 J'am
1030 1906 1176 1946 anno,
1209 1896 1282 1946 qui
1317 1895 1473 1937 abhinc

248 1974 347 2014 item
390 1970 474 2012 fuit
513 1971 689 2012 tertius:
737 1971 1080 2023 quandoquidem
1122 1972 1189 2012 hic
1227 1981 1289 2012 est
1325 1981 1475 2016 sextus.

250 2058 419 2091 nostrae
441 2047 620 2088 notitiae
642 2057 681 2088 ct
707 2045 1029 2088 familiaritatis:
1064 2046 1187 2087 tertio
1211 2045 1340 2099 igitur
1361 2059 1474 2088 anno

245 2125 329 2179 jam
352 2135 438 2163 eam
463 2122 707 2164 facultatem
744 2130 964 2164 assecutus
993 2133 1083 2161 eras
1101 2151 1116 2171 ,
1150 2129 1195 2161 ut
1228 2119 1473 2165 institueres

253 2211 557 2254 progressuum
589 2209 757 2242 tuorum
783 2198 994 2252 specimen
1024 2196 1255 2247 conficere,
1287 2207 1375 2247 quo
1397 2207 1472 2237 eos

252 2276 304 2316 ad
334 2275 557 2316 doctorum
594 2274 812 2316 hominum
839 2271 1124 2326 cognitionem
1161 2271 1399 2323 proferres,
1430 2281 1474 2313 et·

252 2363 317 2393 res
339 2351 618 2402 fortunasque
650 2362 745 2392 tuas
784 2348 1005 2391 honoratis
1035 2348 1133 2388 viris
1158 2348 1330 2388 tuendas
1355 2359 1474 2388 com-

250 2431 479 2471 mendares,
543 2429 741 2480 Cumque
775 2429 824 2469 de
849 2435 1093 2480 argumento
1127 2423 1374 2475 scriptionis
1398 2435 1473 2464 co-

247 2507 377 2561 gitare
400 2505 647 2558 coepisses,
678 2505 888 2547 continuo
928 2503 1005 2544 tibi
1040 2500 1285 2543 occurrebat
1322 2499 1476 2551 cogni·

1401 2586 1472 2622 tus
