1693 3110
436 183 1144 237 ADaHEUSDIUM.
1374 211 1434 253 3.

181 308 295 353 nire:
343 308 561 360 Platonis,
615 310 827 362 inquam:
874 321 995 362 quem
1048 319 1397 374 quotusquisque

182 398 268 431 non
290 387 417 428 modo
442 386 721 436 discentium,
754 387 826 428 sed
858 387 1129 444 docentium,
1161 394 1289 448 legit,
1322 407 1396 439 aut

184 463 222 504 si
258 461 369 504 forte
404 462 617 516 inspexit,
651 473 738 503 non
776 462 985 504 continuo
1010 467 1239 519 relinquit?
1282 472 1393 515 Nam

181 538 434 579 discentium
480 536 646 588 quidem
695 537 774 579 iste
820 538 978 580 dudum
1013 550 1076 580 est
1109 553 1235 594 mos,
1279 558 1326 588 ut
1361 549 1399 589 si

182 625 345 666 paucos
380 613 568 655 Graecos
604 626 779 666 versUS,
824 628 979 668 paucas
1018 617 1192 662 Latinas
1229 622 1400 676 Elegias

183 688 429 741 didicerint,
458 689 541 743 jam
579 691 676 733 haec
709 692 868 744 ubique
901 705 1101 748 crepent,
1132 697 1302 751 sibique
1328 702 1402 743 ‹io-

181 764 241 806 cti
277 765 510 810 videantur.
570 768 629 809 At
663 780 762 810 vero
791 768 891 820 Tu,
922 769 966 811 in
1000 769 1080 813 hoc
1101 772 1225 814 etiam
1247 774 1401 818 similis

179 838 390 884 Platonici
423 841 661 896 Theaeteti‚
691 844 764 889 οἷον
787 847 921 890 ἐλαίου
945 849 1073 901 ῥεῦμα
1097 851 1280 904 ἀψοφητὶ
1304 852 1406 905 ῥέον-

188 937 283 971 τος,
314 921 406 962 sine
428 909 647 973 strepitu,
680 921 770 963 sine
789 932 948 974 vento,
982 924 1086 975 quid
1110 926 1267 979 scires,
1299 929 1404 981 quid

186 998 402 1049 nescires,
447 998 625 1051 ingenue
660 1010 759 1051 prae
799 1008 838 1040 te
879 997 1055 1042 ferebas.
1130 1002 1198 1043 Ex
1238 1017 1324 1055 quo
1363 1005 1407 1048 in

187 1077 337 1130 primis
369 1078 582 1132 judicavi,
615 1077 679 1118 Te
711 1088 807 1119 vere
842 1090 864 1118 a
892 1077 1068 1120 Platone
1089 1090 1259 1132 captum
1287 1094 1409 1134 esse,

190 1162 256 1199 et..
288 1165 335 1196 ut
364 1153 499 1206 ipsius
523 1153 710 1196 dictione
735 1163 855 1206 utar,
890 1156 956 1199 τὸν
979 1158 1183 1201 Πλάτωνα
1206 1160 1280 1210 τὴν
1310 1163 1415 1212 ἀλη-

191 1232 236 1279 θῆ
261 1235 330 1275 σοῦ
354 1231 543 1286 εἰλῆφθαι
572 1232 734 1283 λαβήν,
764 1231 979 1274 Platonem
1006 1233 1102 1273 vera
1130 1232 1193 1274 Te
1214 1235 1316 1276 ansa
1339 1247 1414 1288 ap-

191 1306 479 1361 prehendisse.
541 1306 670 1349 Hunc
696 1307 802 1349 enim
829 1309 901 1360 qui
937 1308 1111 1362 legunt,
1141 1309 1413 1371 intelligunt,

190 1386 238 1428 in
270 1386 448 1440 ejusque
482 1397 527 1427 se
567 1385 801 1427 doctrinam
836 1398 882 1427 ac
919 1396 1142 1439 praecepta
1167 1387 1413 1442 insinuant,

193 1461 239 1504 hi
265 1461 458 1514 profecto
483 1462 656 1514 primam
683 1462 871 1503 omnium
909 1462 1050 1515 legum
1081 1462 1163 1504 sibi
1190 1465 1419 1516 imponunt

190 1540 239 1582 τὸ
259 1542 375 1590 γνῶθι
401 1539 570 1583 σαυτόν·
604 1538 700 1579 huic
727 1547 931 1590 perpetuo
955 1548 996 1579 et
1022 1539 1213 1580 volentes
1240 1549 1412 1591 parent:

191 1616 324 1666 >hujus
359 1617 410 1656 ad
442 1615 666 1656 adventum
701 1624 740 1654 et
775 1613 998 1666 imperium
1025 1615 1166 1656 omnis
1190 1627 1239 1656 ex
1269 1616 1413 1660 animo

196 1691 420 1743 expellitur
444 1701 784 1742 expurgaturque
819 1690 1009 1740 vanitas,
1043 1691 1310 1744 arrogantia,
1342 1705 1416 1734 su-

197 1766 356 1820 perbia.
427 1765 549 1807 Unzie
589 1765 660 1816 fit,
707 1775 755 1806 ut
803 1765 995 1807 homines
1031 1768 1126 1807 vani
1164 1779 1206 1809 et
1249 1769 1417 1812 ventosi

197 1842 413 1884 Platonem
441 1855 516 1884 nee
552 1842 758 1896 diligant,
791 1855 866 1884 nec
904 1843 1160 1898 intelligant.
1226 1845 1296 1887 Tu
1321 1861 1419 1900 pro-

199 1919 388 1972 positum
429 1920 506 1960 iter
543 1918 790 1972 ingressus,
820 1931 916 1960 cum
954 1919 996 1961 in
1027 1932 1135 1962 meas
1172 1921 1223 1962 de
1244 1921 1420 1965 Graecis

199 1994 358 2037 Literis
385 1995 554 2037 scholas
582 1994 845 2047 ventitabas,
880 2005 967 2037 tum
1005 1997 1120 2039 domi
1146 1999 1311 2042 assidue
1332 2001 1424 2042 Pla-

200 2084 342 2117 tonem
381 2075 622 2127 tractabas3
667 2084 714 2116 ut
760 2074 882 2116 facile
924 2075 1318 2130 animadverterem,
1362 2078 1426 2121 Te

199 2162 296 2192 eum
333 2149 376 2192 in
407 2150 493 2191 dies
525 2151 656 2203 magis
697 2160 736 2192 et
769 2150 941 2204 diligere
985 2160 1024 2192 et
1056 2151 1301 2207 intelligere.
1362 2155 1426 2197 Ita

202 2225 417 2267 biennium
453 2228 708 2270 traductum.
768 2227 929 2269 Interea
964 2230 1123 2281 multa,
1157 2243 1264 2282 quae
1287 2245 1423 2274 rerum

208 2313 395 2343 mearum
419 2312 573 2344 statum
612 2313 843 2345 mutarent:
879 2303 985 2344 obiit
1020 2303 1330 2350 Ruhnkenius:
1362 2307 1429 2348 vel.

205 2377 337 2429 huJ'us
371 2379 664 2430 necessitudo,
712 2383 777 2420 vel
822 2381 899 2420 mei
946 2378 1022 2423 fati
1058 2382 1316 2434 necessitas,
1358 2395 1424 2424 1116

208 2451 386 2504 migrare
439 2450 698 2506 Lugdunum
746 2454 902 2508 coegit.
988 2455 1057 2497 Tu
1098 2458 1232 2499 adhuc
1271 2471 1428 2501 annum

214 2527 522 2572 Amstelodami
561 2531 781 2583 mansisti,
823 2531 1066 2576 inchoatum
1100 2547 1211 2588 opus
1244 2547 1429 2588 urgens,

841 2610 882 2650 A
911 2621 935 2652 2
1362 2613 1439 2659 do-
