1693 3110
436 168 1158 218 DEPOSIDONIO.
1326 183 1408 227 249

197 298 256 350 F,
286 297 348 340 sic
374 309 452 338 nos
476 294 661 348 plurium
701 292 855 344 etiam,
889 303 1011 345 quam
1048 289 1218 333 illorum
1257 292 1412 347 trium,

198 375 446 421 auctoritate
469 371 670 412 librorum
697 369 923 411 edidimus.

253 450 303 502 P,
335 460 405 504 45.
448 447 659 499 Diogenes
696 442 925 496 Laertius,
966 441 1077 495 VH,
1124 452 1234 497 159:
1273 461 1420 497 μοιντι·

202 528 275 576 κῆν
301 524 527 580 ὑφεστάναι
550 526 688 566 πᾶσαν
710 521 839 576 φρεσὶν
863 521 885 571 ἢ
914 522 979 564 noc)
1003 521 1178 573 πρόνοιαν
1204 519 1315 565 εἶναι.
1349 520 1421 562 Sic

203 602 334 655 vulgo
372 598 468 640 libri
501 597 685 639 habent:
717 606 758 637 at
786 597 809 646 ἢ
846 596 1090 638 mutandum
1117 597 1159 638 in
1179 597 1230 652 ᾖ,
1259 606 1306 638 ut
1336 598 1424 651 iam

199 676 400 719 Kuhnius
428 673 595 715 monuit
621 673 672 714 ad
697 672 741 713 h.
773 672 805 714 1.
836 671 868 714 i.
900 682 968 712 e.:
1002 670 1150 712 dicunt
1183 680 1315 713 totam
1339 671 1423 713 Di.

197 755 457 798 vinationem
490 759 711 802 constare,
741 748 884 801 cadem
917 751 1115 801 ratione,
1145 763 1230 805 qua
1264 748 1421 793 Provi-

196 829 387 872 dentiam
417 854 490 878 -e

257 907 307 950 P.
338 920 462 961 54—
478 915 549 957 57.
594 903 675 946 Est
698 903 766 945 hic
792 901 1093 956 physiologiae
1116 901 1281 944 Stoicae
1301 903 1421 943 locus

202 993 227 1023 a
260 979 566 1021 recentioribus
596 978 783 1020 nondum
819 977 922 1019 satis
957 977 1213 1029 explicitus,
1246 988 1333 1029 quo
1357 987 1426 1018 or·-

201 1054 401 1096 dinantur
446 1051 615 1104 sibique
646 1051 825 1092 invicem
857 1051 1230 1092 accommodantur
1266 1050 1429 1103 species

202 1133 342 1180 ποιοῦ,
380 1130 483 1178 ποιὸς
512 1131 576 1171 ἐπὶ
607 1129 774 1178 οὐσίας,
818 1130 946 1175 κοινῶς
981 1128 1118 1178 ποιὸς,
1158 1129 1259 1175 ἰδίως
1295 1128 1429 1174 ποιός·

206 1205 281 1257 qui
306 1205 429 1246 locus
473 1215 603 1257 quum
639 1203 723 1244 late
746 1213 886 1256 pateat
914 1203 957 1245 in
983 1202 1127 1245 Stoica
1154 1203 1345 1255 ratione,
1377 1201 1431 1244 ad

204 1281 381 1335 eJ'usque
404 1289 540 1332 partes
563 1279 805 1332 complures
827 1280 1122 1333 intelligendas
1144 1281 1309 1333 valeat3
1336 1278 1431 1321 bre-

201 1357 310 1400 viter
345 1368 468 1407 eum,
502 1356 643 1409 quoad
666 1358 758 1411 ejus
797 1355 885 1397 fieri
913 1365 1089 1409 potest,
1120 1356 1425 1399 describamus.

203 1433 320 1486 Ergo
346 1435 453 1482 ποιὸς
469 1464 483 1484 ,
519 1442 660 1474 certus
676 1463 690 1484 ‚
723 1432 897 1488 quidam
913 1463 927 1484 ‚
952 1433 1109 1474 dicitur
1132 1433 1432 1485 unusquisque

203 1509 336 1551 homo
353 1540 367 1559 ,
399 1517 439 1549 et
464 1509 603 1550 omnis
624 1522 690 1549 res
713 1508 950 1562 singularis
967 1538 981 1559 ,
1015 1520 1120 1559 quae
1147 1507 1271 1548 hodie
1298 1508 1430 1560 vulgo

205 1581 438 1625 individua
473 1582 766 1624 nominantur.
826 1582 964 1635 Igitur
1000 1582 1298 1634 unusquisque
1323 1584 1431 1632 ποιὸς

206 1668 426 1711 spectatur
450 1656 673 1708 bifariam,
707 1657 772 1698 vel
799 1669 871 1709 per
895 1669 939 1698 se
960 1657 1161 1710 proprie,
1193 1659 1273 1711 ἰδίᾳ
1295 1659 1430 1708 ποιὸς,

205 1744 367 1776 certum
394 1732 688 1784 individuum,
723 1734 844 1786 ὄνομα
861 1763 875 1785 ‚
908 1733 1104 1774 Socrates
1121 1765 1135 1784 ,
1159 1732 1275 1773 Dion
1290 1763 1306 1785 ,
1330 1733 1366 1774 Τ
1363 1734 1434 1774 hc-

207 1823 292 1860 on,
334 1818 469 1851 caen:
516 1809 584 1849 vel
625 1818 674 1848 ut
709 1809 976 1850 individuum
1016 1809 1198 1862 aliqu‘us
1241 1809 1435 1861 generis,

205 1892 336 1936 κοινῶς
369 1889 504 1937 ποιὸς,
535 1890 774 1939 προσηγορία
792 1916 807 1937 ,
837 1888 985 1937 homo,
1016 1889 1116 1937 vir,
1146 1885 1295 1938 miles,
1325 1895 1432 1930 caet.

208 1970 427 2021 Diogenes
451 1965 651 2008 Laertius
675 1965 756 2006 VII
771 1997 784 2018 ‚
809 1969 884 2019 58:
903 1968 991 2010 ἔστι
1015 1969 1054 2010 δὲ
1076 1968 1312 2021 προσηγορία
1334 1970 1433 2020 μὲν,

207 2050 316 2093 κατὰ
340 2049 407 2092 τὸν
431 2047 651 2098 Διογένην,
681 2048 795 2100 μέρος
825 2047 946 2097 λόγου
970 2054 1158 2098 σημαῖνον
1181 2049 1303 2096 κοινὴν
1328 2047 1436 2090 ποιά*

206 2142 340 2177 τητοο,
381 2123 457 2168 οἷον
504 2126 697 2176 ἄνθρωπος
713 2152 730 2175 ,
772 2122 893 2172 ἵππος
909 2135 920 2146 ·
965 2125 1089 2176 ὄνομα
1122 2125 1162 2168 δέ
1196 2126 1280 2166 ἐστι
1323 2123 1435 2176 μέρος

207 2202 328 2252 λόγου
348 2204 487 2252 δηλοῦν
506 2203 610 2247 ἰδίοιν
627 2201 824 2251 ποιότητος
836 2230 850 2251 ,
870 2198 944 2243 οἷον
963 2201 1154 2251 Διογένης
1167 2230 1182 2251 a
1204 2200 1434 2253 Σωκράτης.

208 2278 356 2329 ltaque
412 2277 655 2318 statuebant
682 2308 697 2329 ‚
754 2277 1092 2327 unumquodque
1137 2275 1401 2317 individuum
1419 2306 1433 2328 ,

209 2354 345 2403 ποιὸν,
375 2351 645 2406 subjectum,
677 2356 964 2406 ὑποκείμενον,
994 2351 1153 2407 duplex
1187 2364 1298 2404 esse,
1330 2354 1436 2402 ἰδίως

210 2437 252 2467 et
282 2432 423 2475 κοινῶς.
486 2426 568 2468 Sed
612 2427 906 2479 duplicitatem
944 2426 1066 2467 istam
1098 2426 1343 2467 Stoicorum
1374 2426 1436 2469 sic

203 2503 505 2557 interpretatus
546 2512 608 2547 est
641 2502 906 2556 Porphyrius
938 2504 1051 2554 apud
1089 2501 1355 2557 Simplicium
1391 2506 1433 2548 in

893 2576 932 2633 Q
962 2591 991 2633 5
1344 2577 1440 2622 Aria
