1693 3110
165 345 254 378 Set-t.
274 345 317 381 V,

174 389 276 424 Plato.

81 2315 212 2364 Summa
223 2325 293 2349 sen-

82 2363 206 2391 tentiae
225 2363 294 2393 Pla·

80 2401 181 2433 zonis.

317 214 416 285 *596
636 210 1242 261 oisPUTATm

336 351 413 392 pro
435 337 568 388 vario}
587 339 715 390 gradu
751 337 962 389 modoque
986 336 1209 389 sapientiae
1231 339 1314 391 qud
1339 339 1547 392 praeditae

337 424 437 459 sunt
482 413 657 466 Optima
682 423 721 455 et
745 426 850 465 quae
873 412 1099 465 plurimum
1123 413 1271 455 viderit
1294 415 1338 456 in
1362 415 1542 457 sincerae

334 500 603 540 aeternaeque
634 488 822 531 veritatis
857 487 1094 540 domicilio,
1134 490 1249 530 venit
1293 490 1335 531 in
1369 490 1541 543 Corpus

331 564 613 617 Philosophi:
644 575 751 616 quae
769 563 910 604 minus
925 561 1054 615 vidit,
1080 563 1121 604 in
1136 564 1306 616 Corpus
1331 565 1541 607 inferioris

332 640 493 695 generis
522 639 654 681 venit.
714 639 764 680 In
797 639 970 679 eundem
997 646 1184 689 statum,
1215 638 1256 680 in
1283 635 1368 690 quo
1402 641 1543 692 primo

329 715 531 766 fuerunt,
562 726 648 755 non
685 715 858 755 redeunt
887 722 981 754 ante
1008 714 1216 765 expletum
1258 716 1394 755 decem
1426 714 1539 757 mille

327 802 531 833 annorum
558 798 754 842 tempus,
787 800 880 831 nam
915 787 997 827 hoc
1030 787 1251 830 intervallo
1287 790 1457 830 redeunt
1486 789 1537 831 iis

332 868 436 909 alae.
497 865 583 908 Eae
616 866 757 915 solae,
791 874 895 915 quae
915 873 1009 903 vere
1040 862 1362 916 philosophatae
1384 863 1541 906 fuerint

325 941 464 983 tribus
485 940 681 992 deinceps
707 937 1047 991 generationibus
1064 968 1079 989 ,
1110 939 1236 979 trium
1273 939 1385 980 mille
1407 951 1541 980 anno-

326 1029 418 1058 rum
457 1015 596 1068 spatio
628 1015 714 1056 alas
750 1013 986 1065 recipiunt,
1018 1022 1058 1054 et
1097 1013 1139 1054 in
1167 1015 1350 1065 primum
1384 1024 1538 1056 statum

323 1091 492 1134 abeunt.
550 1089 754 1141 Reliquae
788 1087 991 1138 Animae,
1023 1087 1141 1130 finit?L
1174 1089 1304 1142 prima
1330 1088 1445 1141 vita,
1473 1089 1543 1142 ju·

322 1166 550 1216 dicantur,
593 1174 632 1206 et
680 1164 828 1216 partim
888 1174 1047 1216 poenas
1095 1163 1263 1205 daturae
1314 1173 1544 1205 mittuntur

321 1239 403 1282 sub
442 1248 621 1287 terram,
658 1239 808 1290 partim
842 1237 1021 1290 praemia
1054 1247 1298 1291 accepturae
1328 1239 1543 1280 tolluntur

321 1315 366 1357 in
399 1316 618 1356 coelestem
663 1315 823 1355 locum.
893 1311 1016 1352 Mille
1064 1313 1183 1352 annis
1222 1313 1542 1365 praeterlapsis,

324 1400 526 1440 utraeque
570 1390 741 1430 redeunt
786 1387 835 1428 ad
868 1387 1110 1428 electionem
1149 1388 1352 1428 secundae
1389 1387 1498 1428 vitae
1521 1417 1536 1438 ,

323 1477 449 1518 quarn
486 1463 568 1504 sibi
594 1474 783 1515 quaeque
805 1461 936 1504 libero
958 1461 1119 1515 judicio
1152 1461 1283 1514 eligit.
1344 1460 1432 1502 Ubi
1455 1461 1531 1513 fit,

320 1549 372 1580 nt
406 1539 584 1579 humana
609 1537 775 1590 saepius
799 1536 952 1578 Anima
978 1535 1022 1577 in
1046 1535 1156 1576 bruti
1192 1537 1361 1588 Corpus
1396 1537 1535 1590 ingre-

319 1615 483 1666 diatur,
515 1622 555 1655 et
592 1625 640 1654 ex
679 1612 804 1653 bruto
839 1612 882 1653 in
919 1612 1149 1653 humanum
1191 1613 1361 1665 Corpus
1384 1613 1537 1655 Anima

321 1703 426 1744 quae
448 1690 498 1731 ab
525 1688 645 1730 initio
672 1686 754 1729 fuit
777 1687 1013 1729 humana.”

375 1766 488 1808 Haec
513 1764 596 1806 fere
618 1775 748 1816 sunt,
781 1777 885 1816 quae
907 1777 955 1806 ex
987 1765 1054 1806 his
1096 1764 1252 1807 sabulis
1276 1765 1325 1807 ad
1346 1764 1538 1819 philoso-

321 1842 489 1896 phicam
515 1840 758 1883 sententiam
789 1840 974 1881 revocari
1000 1839 1197 1892 possint,
1240 1840 1410 1882 omissis
1443 1842 1540 1893 plu·

322 1919 439 1960 ribus
467 1915 677 1970 figmentis
702 1926 742 1956 et
765 1916 1008 1958 nominibus
1047 1917 1256 1969 poeticis,
1289 1917 1416 1958 veluti
1446 1916 1535 1958 Mi-

317 1994 415 2038 nois
441 2024 454 2044 ,
487 1991 796 2045 Rhadamanti,
827 1993 1002 2045 Stygis,
1030 1994 1315 2044 Acherontis,
1347 2004 1386 2034 et
1421 1993 1536 2035 simi-

317 2066 447 2110 libus,
510 2067 740 2118 Ceterum,
773 2067 808 2108 si
845 2067 942 2120 quis
981 2079 1054 2119 ea,
1095 2081 1201 2121 quae
1234 2067 1531 2119 exhibuimus,

315 2144 504 2186 conferat
536 2158 630 2187 cum
665 2145 718 2186 iis
740 2175 755 2196 ,
787 2157 894 2197 quae
925 2142 1047 2187 Plato
1070 2144 1259 2197 disputat
1284 2143 1327 2185 in
1357 2142 1530 2185 Timaeo

313 2233 357 2274 p.
385 2234 495 2275 521,
528 2222 564 2263 is
595 2221 876 2263 verisimiliter
908 2222 1012 2263 hanc
1048 2221 1297 2262 sententiam
1337 2219 1534 2262 Philoso-

313 2298 399 2349 pho
423 2297 472 2338 de
491 2307 602 2339 statu
626 2308 724 2350 post
749 2297 856 2339 hanc
878 2296 1005 2339 vitam
1030 2297 1200 2339 tribuat.
1256 2326 1291 2348 ,‚
1323 2295 1529 2346 Animas,

314 2380 360 2414 ut
385 2382 503 2413 antea
524 2371 720 2423 fuerunt,
743 2371 799 2414 ita
825 2382 971 2425 postea
998 2371 1177 2416 futuras.
1229 2373 1331 2415 Post
1357 2380 1530 2412 mortem

312 2447 547 2500 Corporis,
575 2449 778 2501 judicium
806 2460 940 2488 carum
970 2447 1057 2488 fieri
1085 2451 1196 2502 apud
1219 2449 1405 2499 Inferos,
1430 2460 1532 2499 poe·-

309 2538 385 2568 nas
412 2535 451 2565 et
474 2525 650 2577 praemia
677 2527 898 2568 constitui.
959 2526 1118 2569 Poenas
1143 2526 1311 2579 proprie
1336 2527 1378 2567 in
1402 2524 1531 2566 medi-

315 2601 433 2642 cinae
465 2601 607 2643 locum
644 2602 697 2643 iis
728 2602 940 2656 adhiberi,
974 2604 1164 2658 exceptis
1197 2602 1532 2651 insanabilibus,

1423 2687 1529 2730 quae

1675 3071 1680 3110 -ν-
1675 2903 1685 3046 »ἠύ-
