1693 3110
318 198 615 260 mEMomA
643 184 715 253 ἐξ
734 202 795 252 1..
829 177 1263 252 tirA'ssssNAERn..
1333 194 1419 278 'gog

182 325 341 380 ‘famen
361 335 543 387 dubito,
575 331 681 386 quin
702 330 803 373 haec
832 331 925 385 ipsa
945 327 1138 373 beneficii
1162 317 1420 373 co'mmemo‘-

201 412 341 465 ratio,
376 422 422 453 ut
460 421 554 462 me,
596 407 656 450 'rta
692 418 1040 460 unumquemque
1074 416 1262 449 vestrum
1295 396 1422 448 tacite

208 492 260 532 ad
294 498 499 531 recentem
531 486 720 529 dolorem
757 494 954 536 revocet,
985 484 1289 537 admoneatque
1317 478 1428 525 illud

201 579 290 608 non
311 567 517 618 integrum
543 549 843 613 sincerumque
867 561 1117 603 constitisse
1145 550 1422 615 beneficium}

202 648 284 685 'nec
311 643 361 683 ad
384 652 529 681 omnes
561 637 819 692 pertinuisse
853 638 1093 691 auditores,
1128 640 1199 680 sed
1224 651 1354 681 unum
1380 628 1426 681 iil

212 717 363 770 primis
384 715 549 768 fuisse,
582 715 656 768 qui
692 727 780 756 non
806 713 934 756 modo
973 714 1055 758 hoc
1080 714 1322 768 reditionis,
1354 702 1428 758 seii

206 793 331 835 etiam
366 793 506 845 vitae,
541 791 686 833 fructu
723 792 943 835 excideret.
1005 791 1250 847 Intelligitis
1287 793 1423 838 A.·O.

215 883 340 924 quem
377 870 538 912 dicam!
587 870 794 912 Omnium
830 879 1017 911 vestrum
1051 870 1206 922 animi,
1249 871 1427 924 vultus,

206 949 321 990 oculi
345 948 526 1000 denique
547 947 631 1001 ipsi
657 952 863 1000 quaerunt
885 960 931 989 ac
954 947 1192 990 desiderant
1214 949 1426 1009 optimum

208 1035 406 1067 nostrum
443 1024 814 1077 wassenaerium‚
846 1025 1064 1078 repentino
1098 1037 1145 1066 ac
1188 1022 1428 1069 vehementi

196 1103 366 1156 ‘impetu
390 1103 527 1145 morbi
551 1115 686 1157 nuper
710 1102 837 1146 nobis
866 1112 1072 1156 ereptum.
1133 1102 1254 1145 Adeo
1278 1097 1425 1146 verum

204 1189 271 1222 est
292 1190 330 1221 et
366 1181 410 1222 in
449 1189 708 1233 praesentem
744 1191 888 1221 casum
924 1187 1118 1221 nostrum
1153 1190 1200 1221 ac
1236 1179 1426 1222 dolorem

195 1259 455 1302 conveniens
479 1257 703 1299 Ciceronis
737 1256 897 1298 dictum
934 1255 1034 1310 (De
1057 1256 1174 1300 Orat.
1193 1255 1284 1309 111,
1317 1258 1425 1310 2.),

206 1365 234 1388 „
262 1334 300 1376 Ο
330 1332 520 1376 fallacem
550 1333 769 1375 hominurn
792 1346 909 1386 spem
929 1364 945 1385 ‚
978 1332 1258 1387 fragilemque
1283 1332 1428 1376 fortu-

197 1440 227 1464 „
257 1423 384 1463 nam,
415 1420 455 1452 et
491 1411 635 1454 inanes
676 1421 844 1452 nostras
880 1407 1203 1452 contentiones!
1240 1420 1346 1462 quae
1375 1409 1423 1452 in

197 1516 226 1542 „
256 1488 392 1529 medio
415 1487 554 1540 spatio
579 1498 704 1539 saepe
734 1486 990 1539 franguntur
1015 1495 1055 1527 et
1078 1494 1317 1539 corruunt,
1346 1491 1421 1529 au't

198 1594 229 1618 „
258 1573 354 1606 ante
392 1564 436 1605 in
468 1565 565 1616 ipso
600 1575 730 1605 cursu
769 1564 1042 1614 obruuntur,
1085 1574 1209 1616 quam
1244 1562 1421 1616 portum

198 1674 227 1697 „
256 1640 504 1695 conspicere
542 1650 790 1695 potuerunt.
818 1639 848 1660 '²
917 1640 1029 1685 Nam
1062 1643 1423 1688 luctuosissimus

194 1713 276 1757 iste
305 1716 590 1760 &Vassenaerii
636 1718 814 1771 obitus,
860 1731 984 1772 quam
1026 1720 1260 1761 multorum
1298 1718 1420 1772 spet‘n

197 1790 420 1835 hominum
448 1790 633 1837 fefellit?
661 1806 787 1847 quam
812 1796 1043 1836 multorum
1068 1795 1219 1837 animis
1241 1795 1420 1838 acerbu's

182 1868 378 1911 accidit?
422 1870 561 1912 Etiam
597 1881 712 1912 nunc
750 1882 1010 1924 praesentem
1037 1870 1166 1913 nobis
1191 1871 1331 1913 videre
1351 1869 1420 1914 vi-

189 1946 338 1987 demur
361 1946 484 1988 illum
526 1947 834 1990 adolescentiae
868 1947 1014 1990 florem
1042 1960 1088 1989 ac
1112 1947 1334 2002 vigorem,
1366 1946 1420 2011 il-

188 2027 277 2069 lum
302 2025 496 2069 sanitatis
531 2027 715 2069 colorem
754 2036 795 2068 et
818 2027 1042 2079 habitum,
1072 2029 1180 2071 casti
1211 2029 1417 2083 tempera-

182 2101 310 2156 ‘tique
345 2102 489 2145 victus
527 2103 839 2145 consuetudine
882 2103 1120 2149 firmatum:
1153 2107 1274 2149 etiam
1299 2105 1415 2150 nun'c

186 2178 324 2220 oculis
350 2177 654 2232 mentibusque
678 2179 839 2222 nostris
879 2180 1133 2222 obversatur
1153 2181 1223 2224 illa
1245 2178 1413 2224 morum

185 2252 378 2296 amabilis
403 2254 585 2298 comitas
610 2266 650 2298 et
669 2254 904 2308 modestia,
935 2252 1007 2301 illa
1029 2258 1241 2302 industria
1266 2238 1410 2301 omnia

172 2330 340 2387 ‘egregii
367 2332 550 2374 studiosi
582 2332 717 2375 officia
755 2343 925 2375 strenue
951 2333 1184 2388 obeuntis,
1216 2335 1258 2378 in
1283 2337 1386 2377 sch
1370 2354 1410 2378 α

191 2409 246 2450 lis
286 2410 530 2464 audiendo,
571 2412 897 2465 respondendo,
937 2412 1220 2465 disputando:
1263 2416 1408 2466 domi,

196 2489 341 2526 secum
366 2497 405 2527 et
430 2499 525 2528 cum
553 2488 649 2529 aliis
673 2487 940 2539 meditando,
972 2489 1324 2541 commentando,
1356 2489 1414 2547 le·

184 2565 357 2618 kendo,
392 2565 646 2611 scribendo:
680 2568 804 2624 cujus
832 2566 963 2612 studii
981 2565 1153 2612 'fructus
1175 2570 1259 2625 jam
1283 2558 1414 2622 appa·

1350 2655 1414 2689 re-
