1693 3110
420 167 529 211 AD
599 163 1118 210 ssoscnlnM.
1320 164 1378 221 69

148 283 248 324 vum
286 282 339 323 iis
372 280 419 322 itz
445 281 591 338 quibus
624 281 721 321 bene
748 282 923 334 agitur,
954 281 989 321 si
1025 283 1110 322 sint
1136 279 1372 323 simulacra

154 361 361 403 virtutis:
393 361 593 399 neminem
619 358 782 398 omnim>
808 368 890 396 csse
910 356 1200 411 negligendum
1225 359 1271 396 in
1292 370 1372 412 quo

156 437 304 491 aliqua
341 432 593 488 sfigfrtficatw
642 433 817 475 virtutis
862 441 1102 487 appareat:
1154 433 1369 476 colendum

151 523 292 556 autem
318 517 384 556 ita
407 527 486 555 esse
509 525 707 568 quemque
728 512 938 561 maxime,
971 520 1016 551 ut
1041 514 1213 567 quisque
1234 513 1374 554 maxi.

153 604 217 633 me
245 593 306 632 his
329 588 555 631 lenioribus
578 587 806 629 virtutibus
829 591 885 628 sit
910 595 1115 637 ornatus,
1137 588 1337 629 modestia
1352 619 1370 640 ,
1411 631 1413 634 ,

155 667 473 720 temperantia,
507 673 546 704 ct
579 664 672 718 ipsa
693 661 892 715 justitia.
954 660 1011 702 Et
1044 661 1241 701 beneficia
1274 674 1370 716 erga.

150 741 257 783 alios
280 750 352 783 tua
382 753 455 794 per
483 752 646 782 omnem
671 739 797 781 vitam
825 740 955 780 multa
980 748 1020 780 et
1048 739 1161 781 varia
1201 740 1368 780 exstite-

154 827 269 859 runt.
329 817 394 858 De
413 815 572 870 quibus
595 825 642 857 ut
664 816 723 857 nil
746 815 909 867 dicam,
941 823 980 856 et
1012 824 1059 856 ut
1080 815 1272 856 omittam
1300 828 1369 867 ea,

153 906 262 946 quae
297 893 367 935 Tu
405 893 448 939 in
481 905 648 935 munere
688 891 915 934 Curatorio
957 891 1237 937 communiter
1269 904 1369 934 cum

150 968 344 1023 Collegis
379 970 496 1022 tuis,
530 969 646 1013 Viris
681 967 956 1019 illustribus,
986 980 1083 1010 cum
1122 968 1165 1010 in
1202 968 1369 1011 univer-

153 1053 240 1084 sam
270 1044 529 1086 Academiam
547 1075 562 1095 .‚
599 1053 686 1085 tum
713 1044 757 1084 in
784 1043 979 1096 singulos
1002 1045 1241 1096 complures
1266 1046 1367 1088 Pro..

150 1116 335 1160 sessores
365 1121 616 1163 contulisti:
666 1119 708 1161 in
738 1129 835 1161 tuos
868 1129 1073 1172 quantum
1100 1122 1366 1173 contuleris,

150 1207 229 1248 ego
257 1195 361 1237 Tibi
384 1207 476 1237 sum
504 1195 653 1238 testis:
682 1196 723 1238 in
749 1196 844 1248 his,
876 1207 922 1237 ut
946 1206 1134 1249 patrem,
1167 1207 1365 1249 matrem,

151 1273 256 1314 duas
276 1284 473 1325 sorores,
504 1272 697 1324 fratrem,
731 1283 772 1314 et
800 1272 924 1315 vivos
949 1282 1111 1314 tutatus
1148 1274 1204 1315 sis
1233 1287 1278 1315 ac
1302 1274 1370 1317 fo-

146 1351 260 1394 veris
277 1382 293 1404 ‚
323 1361 364 1393 et
391 1360 582 1393 mortuos
607 1350 674 1404 pie
700 1350 972 1402 dolenterque
1005 1351 1176 1393 luxeris.
1239 1350 1363 1393 Sinas

148 1439 215 1469 me
249 1428 426 1469 duorum
464 1439 512 1470 ex
549 1428 616 1470 his
643 1427 890 1470 nominatim
918 1427 1169 1470 mentionem
1204 1426 1364 1479 facere,

146 1511 251 1545 natu
295 1502 504 1544 minorum
534 1532 549 1553 9
593 1501 753 1543 sororis
793 1502 990 1554 Judithae
1015 1531 1030 1552 ‚
1073 1509 1113 1542 et
1167 1500 1369 1554 Gregorii

146 1578 315 1622 fratris:
363 1589 543 1630 quorum
584 1577 686 1618 mihi
719 1577 880 1617 Tecum
913 1576 1168 1619 communis*
1196 1577 1240 1618 in
1279 1577 1368 1621 vita

141 1656 230 1699 fuit
261 1667 376 1697 amor
391 1649 411 1703 ,’
433 1653 673 1696 communis
708 1654 751 1694 in
786 1653 908 1695 obitu
939 1653 1099 1696 luctus.

201 1730 281 1774 Illa
315 1741 400 1772 erat
435 1731 644 1783 integrum
679 1740 849 1771 naturae
885 1742 1026 1782 OPUS,
1058 1738 1105 1771 ut
1137 1731 1275 1772 animo
1307 1731 1365 1774 ita

141 1819 336 1852 sermone
373 1817 413 1849 et
446 1807 598 1859 cultu⁹
632 1807 823 1858 sincera,
855 1816 1026 1859 aperta,
1067 1807 1119 1848 ab
1158 1808 1273 1849 omni
1308 1808 1366 1850 si-

141 1882 372 1928 mulatione
407 1892 446 1923 et
481 1882 582 1923 artis
619 1881 887 1924 affectatione
921 1882 1177 1924 abhorrens:
1210 1883 1360 1926 nativo

145 1961 325 2011 decore,
355 1958 531 2012 puellari
555 1958 733 2000 candore
754 1968 793 2002 et
815 1959 1117 2013 simplicitate,
1144 1959 1364 2002 affabilita-

141 2046 186 2078 te
210 2047 249 2079 et
274 2035 502 2086 comitate,
526 2034 738 2077 amabilis:
772 2035 923 2078 similis
947 2036 1077 2088 Tibi,
1107 2036 1266 2089 insigni
1290 2038 1362 2078 be-

146 2111 401 2156 nivolentiae
423 2110 546 2153 laude
569 2120 608 2152 et
634 2110 970 2165 significatione3
1004 2113 1114 2157 unde
1134 2113 1286 2164 fiebat,
1312 2120 1361 2154 ut

140 2199 228 2228 eam
260 2199 384 2228 unam
414 2185 457 2227 in
482 2186 656 2228 caeteris
684 2185 772 2228 tuis
800 2186 974 2228 maxime
1000 2201 1172 2230 amares.
1235 2190 1355 2231 Sole·

148 2262 221 2304 bat
259 2274 354 2303 cum
392 2261 539 2304 marito
570 2263 653 2315 J'am
688 2264 738 2304 ab
772 2264 936 2316 aliquot
969 2264 1115 2316 anim,
1149 2267 1258 2319 apud
1290 2278 1356 2308 me

142 2338 364 2382 rusticari:
396 2340 512 2391 quod
549 2352 679 2390 quum
715 2339 812 2382 item
852 2341 1065 2394 hilariter,
1100 2355 1180 2384 suo
1216 2355 1358 2394 more,

143 2413 315 2456 fecisset
349 2425 459 2456 anno
492 2427 839 2467 MDCCXCIII,
880 2417 1049 2459 domum
1084 2419 1212 2460 redux
1244 2419 1360 2472 gravi

143 2489 294 2533 morbo
316 2488 424 2532 intra
440 2502 605 2544 paucos
630 2492 716 2535 dies
740 2492 853 2544 apud
876 2492 938 2536 Te
958 2494 1081 2539 obiit.
1115 2493 1203 2549 Qui
1228 2505 1355 2544 tunc.

760 2569 797 2614 E
827 2582 849 2634 3
1299 2568 1361 2618 mi
