1693 3110
382 118 489 164 DE
552 115 994 169 UNITATE
1062 130 1236 176 DEI.
1334 144 1422 189 441

199 244 337 295 vitas,
368 251 410 283 et
431 254 476 284 ea
499 255 604 296 quae
625 241 874 285 recentiores
898 241 1183 297 Metaphysici
1218 246 1429 293 duxerunt.

208 330 261 360 ex
299 319 548 375 Principiis,
584 330 689 371 quae
722 316 922 360 Rationis
954 320 1189 375 sufficientis
1214 331 1254 364 et
1290 323 1427 367 Andis-

204 396 473 443 sermhilium
500 398 669 450 nomine
686 395 891 448 appellata
926 406 1045 441 sunt.

516 551 922 596 -SECT.
1020 551 1055 597 Ι.

203 734 206 736 -
260 706 331 751 De
353 709 640 763 argumentis,
665 721 773 762 quae
793 706 1011 750 ducantur
1031 721 1083 750 ex
1105 708 1364 752 Necessaria

686 787 929 829 existentia.

258 934 445 977 Primum
474 935 603 987 igitur
626 936 800 987 prodeat
823 940 1064 979 necessaria
1092 939 1352 991 existentia,-
1384 935 1426 979 si

200 1008 313 1052 forte
346 1012 552 1066 ejusmod1
589 1023 674 1063 sit,
707 1023 753 1053 ut
791 1012 832 1054 in
877 1026 961 1055 una
999 1025 1160 1056 tanturn
1198 1014 1418 1056 ind1v1duo

204 1084 344 1129 inesse
364 1087 517 1137 possit.
578 1086 693 1140 Quid
726 1087 855 1139 igixur
888 1099 950 1129 est
974 1092 1298 1132 necessarium?
1343 1088 1424 1129 Ni-

203 1161 351 1206 mirum
378 1161 482 1203 illud
499 1192 513 1213 ‚
539 1163 661 1215 cujus
682 1165 952 1208 contrarium
983 1174 1212 1222 repugnat.
1274 1164 1331 1206 Et
1357 1171 1423 1206 est

199 1236 294 1290 ipsa
315 1241 536 1279 necessitas
558 1239 738 1291 duplex:
771 1241 945 1283 interna
961 1271 976 1292 ‚
1010 1243 1134 1295 cujus
1160 1241 1420 1284 contrarium

195 1326 271 1370 per
303 1327 419 1356 suam
459 1325 647 1361 naturam
684 1327 775 1358 esse
810 1318 998 1370 nequit:
1041 1327 1254 1370 externa,
1297 1318 1420 1372 cujus

195 1391 453 1433 contrarium
480 1404 554 1445 per
578 1392 679 1433 alias
713 1405 777 1435 res
806 1407 898 1435 esse
928 1396 1094 1446 nequit.
1157 1395 1419 1438 Necessaria

195 1465 374 1520 proinde
405 1468 639 1509 existentia
677 1466 765 1508 Dei
798 1477 890 1518 est,
923 1480 1004 1519 qua
1044 1477 1249 1522 repugnat
1284 1468 1420 1510 Deum

200 1552 287 1587 non
321 1540 525 1582 existere:
558 1549 684 1592 atque
716 1541 846 1592 haec,
881 1551 1084 1592 quantum
1122 1553 1171 1583 ex
1195 1542 1418 1595 Analytica

196 1615 264 1656 via
287 1614 464 1668 intelligi
486 1615 666 1666 volunt,
696 1614 874 1656 interna
898 1625 989 1669 est3
1024 1617 1185 1674 quippe
1211 1617 1290 1672 ipsi
1316 1630 1421 1670 pos·

194 1692 390 1734 sibilitati
429 1701 469 1735 et
502 1693 643 1744 ideae,
675 1692 796 1734 etiam
825 1692 863 1734 si
898 1693 989 1735 sola
1023 1704 1263 1747 spectetur,
1294 1707 1418 1748 repu.

194 1781 318 1824 gnare
351 1769 498 1815 dicunt
534 1769 763 1811 absentiam
802 1770 1084 1813 existentiae:
1130 1782 1333 1824 quantum
1367 1783 1418 1817 ex

192 1844 441 1898 Synthetica
455 1844 519 1886 via
535 1845 806 1900 intelligitur,
819 1855 1001 1889 externa
1023 1857 1117 1900 est;
1136 1848 1296 1902 quippe
1318 1862 1419 1901 pro·

192 1933 289 1981 pter
317 1935 406 1974 res,
441 1935 548 1976 quae
583 1932 714 1977 sunt,
743 1935 914 1967 necesse
951 1935 1016 1969 est
1052 1937 1244 1967 caussam
1274 1938 1414 1970 earum

192 2011 290 2047 esse
311 1999 487 2052 primam
516 2011 642 2053 atque
666 2009 885 2044 aeternam.
926 2000 1007 2043 Sed
1031 2000 1096 2042 fac
1124 2001 1262 2043 Deum
1290 2002 1415 2045 habe-

194 2088 239 2118 re
261 2078 478 2118 internam
503 2075 746 2118 existentiae
774 2076 1088 2118 necessitatem!
1153 2076 1259 2120 Non
1287 2078 1420 2132 magis

189 2152 318 2204 inde,
349 2164 473 2205 quam
509 2152 559 2194 ab
594 2161 776 2194 externa
817 2152 1095 2206 necessitate,
1126 2165 1420 2207 argumentum

204 2233 286 2279 pro
318 2226 474 2268 unitate
504 2237 665 2269 certum
692 2226 790 2269 duci
820 2228 975 2280 possit.
1038 2226 1270 2272 Videamus
1296 2243 1420 2284 argu-

197 2306 360 2348 menta,
378 2308 482 2349 quae
509 2296 905 2358 Metaphysicorum
930 2306 1190 2359 excogitavit
1213 2307 1418 2352 sollertia.

250 2373 296 2416 S.
340 2386 652 2417 CLARKms
685 2378 734 2418 de
758 2377 883 2422 exist.
917 2392 957 2422 et
994 2383 1140 2426 atti-ib.
1174 2383 1269 2425 Dei.
1304 2382 1360 2425 T.
1382 2383 1417 2438 L

191 2460 288 2515 cap.
322 2452 363 2496 8.
397 2451 567 2499 duobus
604 2453 740 2497 modis
766 2456 847 2497 hoc
886 2458 1041 2506 efficere
1070 2469 1249 2507 conatus
1280 2471 1361 2506 est.

802 2534 942 2593 Eev5
1320 2537 1425 2592 „l-
