1693 3110
260 182 343 228 424
555 148 1159 210 DISPUT‘ATlo

267 290 531 342 ThracibUS,
561 301 685 342 quam
709 302 731 331 a
754 287 914 330 dissitis
941 296 980 328 et
1006 287 1166 341 ignotis
1185 286 1354 342 Judaeis
1369 321 1384 343 ‚
1406 302 1477 334 ac.

270 366 470 418 ceperint.
530 363 638 406 Nam
661 394 676 415 ‚
707 373 755 404 ut
778 374 842 404 est
870 363 980 416 apud
1001 362 1265 405 Herodotum
1292 364 1377 416 IV,
1400 379 1472 421 94.

269 441 494 483 Zamolxin
521 441 656 482 Deum
686 438 881 482 colebant
915 439 1005 481 diro
1043 440 1206 491 quidem
1237 441 1471 494 sacrificio;

267 517 344 559 sed
366 526 501 557 tamen
526 514 688 557 animos
713 523 813 568 post
831 515 1026 566 corporis
1050 526 1222 557 mortem
1239 546 1254 567 ,
1283 516 1335 557 ad
1355 516 1477 558 illum

267 592 381 634 abire
404 591 738 634 arbitrabantur:
773 601 977 644 praeterea
1006 603 1093 632 non
1111 590 1260 645 Jovem
1289 593 1358 644 qui
1383 603 1480 633 coe-

265 667 311 709 lo
347 675 509 709 tonaret
545 667 862 720 fulguraretque
884 697 899 718 ,
939 665 1074 708 Deum
1106 679 1195 708 esse
1228 668 1478 719 credebant;

265 744 340 787 sed
363 742 613 795 Zamolxin‚
632 754 754 795 quem
778 743 860 795 ipsi
887 744 1100 796 colerent,
1122 745 1259 786 solum
1281 757 1354 786 nec
1367 757 1483 797 prae-

264 831 327 863 ter
360 831 453 860 eum
489 830 741 872 quemquam
774 818 910 860 Deum
949 831 1043 862 esse
1077 820 1342 863 statuebant:
1375 819 1483 863 οὗτοι

269 898 303 941 οἱ
333 895 446 938 αὐτοὶ
482 897 652 948 Θρήΐκες
685 896 753 938 καὶ
784 897 878 948 πρὸς
913 898 1080 949 βροντήν
1103 915 1147 941 τε
1172 898 1237 940 καὶ
1271 898 1489 948 ἀστραπὴν

269 971 493 1021 τοξεύοντες
532 971 612 1014 ἅνω
648 972 741 1024 πρὸς
776 973 843 1015 τὸν
869 975 1047 1026 οὐρανὸν,
1079 976 1284 1017 ἀπειλεῦσι
1307 975 1361 1028 τῷ
1385 974 1486 1026 θεῷ,

268 1047 409 1092 οὐδένα
433 1048 560 1092 ἄλλον
585 1049 664 1093 θεὸν
685 1051 900 1104 νομίζοντες
928 1049 1028 1094 εἶναι
1053 1053 1087 1095 εἰ
1113 1052 1170 1103 μὴ
1196 1053 1262 1096 τὸν
1280 1054 1481 1106 σφέτερον.

328 1122 558 1174 Ceterum,
583 1123 632 1164 de
659 1122 899 1177 Pythagora
915 1124 1086 1166 verbum
1112 1125 1328 1166 addamus.
1357 1122 1489 1164 Grae-

269 1201 310 1244 ci
335 1199 604 1253 Scriptores,
637 1201 711 1253 qui
734 1201 981 1253 proderent,
1013 1213 1109 1243 eum
1139 1201 1393 1254 Judaeotum
1418 1202 1492 1240 ha-

271 1279 419 1321 buisse
450 1278 643 1320 notitiam
679 1279 765 1319 duo
813 1288 942 1320 sunt:
986 1280 1088 1319 alter
1130 1276 1388 1328 Hermippus
1424 1277 1491 1327 is,

274 1357 325 1398 de
349 1367 437 1407 quo
459 1355 678 1396 diximus:
711 1354 814 1394 alter
848 1352 1113 1404 Porphyrius
1140 1354 1191 1393 de
1221 1352 1307 1392 vita
1337 1351 1492 1404 Pytha-

273 1443 398 1487 gorae
415 1442 511 1483 cap.
537 1430 599 1471 16.
635 1430 806 1481 ἀφίκετο
831 1430 870 1472 δὲ
891 1429 960 1472 καὶ
983 1430 1075 1481 πρὸς
1098 1429 1188 1477 τοὺς
1212 1430 1491 1480 Αἰγυπτίους,

271 1508 421 1564 φησὶν,
451 1509 471 1552 ὅ
498 1506 763 1559 Πυθαγόρας,
793 1505 861 1549 καὶ
893 1507 988 1558 πρὸς
1017 1507 1238 1559 ”Λροιβας,
1270 1507 1335 1548 καὶ
1376 1513 1491 1550 Χαλ-

274 1588 427 1635 δαίους,
467 1586 533 1629 καὶ
571 1585 814 1638 Ἐβραίους,
855 1583 951 1637 παρ’
990 1581 1039 1626 ὧν
1071 1582 1135 1625 καὶ
1174 1583 1244 1632 τὴν
1277 1582 1360 1635 περὶ
1400 1584 1495 1626 5νεί-

274 1680 349 1721 ρων
372 1668 517 1716 γνῶσιν
549 1663 810 1715 ἠκριβώσοιτο.
857 1659 932 1712 qui
966 1657 1162 1713 profecto
1203 1658 1325 1699 locus
1356 1657 1493 1700 mino·

276 1752 364 1783 rem
394 1739 516 1781 etiarn
541 1737 667 1779 habet
689 1734 995 1777 auctoritatem.
1040 1732 1149 1774 Nam
1175 1732 1366 1785 Cyl-illus
1390 1744 1494 1774 con-

279 1825 347 1858 tra
365 1814 524 1869 Julian.
556 1813 612 1856 X.
651 1826 697 1866 p.
720 1823 817 1866 340.
846 1810 898 1853 A.
931 1811 1001 1852 illa
1025 1810 1151 1851 verba
1179 1821 1228 1850 ex
1254 1808 1489 1863 Porphyrio

283 1892 346 1934 ita
375 1889 527 1940 refert,
559 1897 608 1929 ut
644 1887 711 1932 και)
741 1888 952 1940 Ἐβραίους
987 1885 1181 1926 omittat:
1213 1883 1326 1935 quod
1351 1892 1498 1924 contra

284 1967 333 2010 fit
356 1980 379 2008 a
399 1964 596 2006 Patribus
613 1994 628 2015 ‚
655 1975 785 2015 quum
804 1962 1054 2014 Judaeorum
1077 1961 1196 1999 laude
1218 1958 1404 2001 Graecos
1430 1957 1492 1998 vi·

286 2052 481 2095 tuperare
513 2048 713 2094 possunt.
773 2038 872 2080 Huc
903 2034 1090 2087 accedit,
1122 2035 1238 2085 quod
1270 2034 1409 2086 ipsum
1444 2035 1496 2075 i}-

282 2120 359 2162 lud
381 2119 503 2174 φησὶν
526 2115 710 2158 ostendit
725 2146 741 2166 ‚
770 2112 1050 2167 Porphyrium
1074 2110 1173 2151 haec
1196 2108 1344 2150 referre
1361 2122 1409 2151 ex
1433 2109 1495 2150 fa-

286 2193 716 2245 bularumIScriptore
742 2191 960 2244 Diogene,
992 2187 1113 2241 cujus
1138 2186 1269 2226 libros
1297 2184 1383 2237 περὶ
1417 2187 1497 2228 τῶν

291 2274 390 2324 ὑπὲρ
428 2271 582 2318 Θούλην
615 2270 795 2314 ἀπίστων
838 2272 1024 2308 recenset
1071 2261 1250 2304 Photius
1289 2259 1499 2303 Biblioth.

296 2345 408 2388 Cod.
432 2344 633 2386 CLXVI.
665 2357 710 2395 p.
738 2345 832 2394 184.
865 2353 955 2392 seq.

352 2421 592 2464 Proximum
611 2420 826 2474 josephus
841 2418 990 2459 ⁴laudat
1021 2414 1391 2467 Theophrastum,
1426 2409 1501 2463 qui

298 2497 456 2551 Tyrios
487 2497 593 2538 dixit
626 2495 774 2536 habere
802 2492 1091 2548 jusjurandum
1123 2489 1288 2531 Corban
1310 2487 1500 2534 dictum3

304 2581 355 2615 ut
385 2570 541 2626 Tyrios
576 2570 675 2612 loco
715 2570 968 2624 Judaeorum
1006 2562 1298 2610 nominaverit.
1355 2557 1400 2600 bi
1433 2567 1508 2596 ve-

1415 2643 1509 2674 rum
