1693 3110
452 172 564 223 AD
647 173 1163 221 BOSCHNJM.
1374 191 1434 236 45

220 307 368 345 earum
402 299 775 351 Romanarumque
807 298 1042 343 Literarum
1066 300 1310 354 scientiam,
1339 314 1437 345 cum

230 389 280 420 ex
304 377 500 419 Veterum
533 374 680 426 libris,
711 385 798 416 tum
833 386 1036 427 apparatu
1065 386 1106 419 et
1134 380 1437 422 commentario

228 453 360 509 patris
395 452 614 496 formando
658 461 698 492 et
733 449 1010 503 expoliendo:
1052 452 1107 494 ita
1141 453 1264 497 vobis
1299 455 1440 507 puella

233 539 420 582 magnam
445 526 603 581 gloriae
641 527 782 568 dotem
813 524 996 568 adferet:
1029 539 1105 580 ego
1138 530 1264 571 vobis
1292 531 1376 572 dux
1398 539 1440 572 et

228 603 393 656 adjutor
426 600 564 653 operis
596 611 684 642 ero.
747 599 898 641 Adhuc
931 612 1054 643 nemo
1088 600 1202 654 fuit,
1242 606 1313 656 qui
1348 607 1439 660 eJ'us

233 688 372 718 amore
399 685 640 728 caperetur:
674 687 748 716 nec
782 684 919 716 tamen
952 675 1134 729 desunt,
1167 678 1237 730 qui
1273 692 1371 733 prae
1395 693 1440 722 se

227 750 392 802 ferant,
424 762 468 792 se
493 749 776 792 conditionem
811 761 899 791 non
926 749 1164 803 repudiare,
1195 752 1266 793 sed
1289 754 1441 796 delibe-

228 840 333 870 rare.
393 827 457 869 De
481 825 667 880 quibus,
699 826 765 878 si,
807 827 1081 879 quod'nolim
1114 840 1189 870 nec
1224 828 1315 870 fore
1347 830 1441 882 opi-

228 915 336 955 nor,
367 914 464 955 spes
489 912 569 943 nos
597 900 793 942 defecerit
809 931 839 953 ‚b
856 902 995 955 puella
1021 903 1072 944 ad
1098 903 1438 959 Teleobaptistas

226 991 272 1021 se
293 978 495 1020 abituram
521 978 730 1030 minatur,
746 978 821 1020 ubi
846 979 981 1021 alatur
1006 989 1047 1021 et
1072 980 1280 1034 fortasse,
1297 995 1442 1035 quam..

225 1054 291 1097 vis
314 1054 483 1104 vetula,
515 1054 558 1095 in
591 1053 904 1095 matrimonium
931 1054 1184 1098 collocetur.

289 1129 449 1171 Tecum
469 1158 483 1180 ‚
516 1128 571 1168 mi
598 1126 781 1178 Boschi‚
812 1126 889 1169 alia
922 1128 1027 1169 mihi
1053 1141 1203 1171 caussa
1227 1140 1321 1174 est:
1354 1144 1442 1174 non

223 1216 366 1250 metuo
397 1217 448 1246 ne
488 1203 560 1245 Tu
606 1215 778 1256 quoque
822 1204 1020 1256 adoptiva
1064 1217 1127 1246 me
1160 1204 1243 1248 filia
1294 1206 1437 1249 ferias.

221 1281 374 1325 Scribo
408 1281 515 1323 hanc
547 1281 600 1322 ad
636 1279 700 1322 Te
731 1281 979 1334 epistolam,
1023 1291 1068 1322 ut
1101 1282 1262 1335 duplici
1299 1283 1439 1326 officio

220 1357 456 1412 defungar,
488 1358 664 1412 ejusque
695 1356 822 1399 debiti
855 1356 1147 1409 conscientia,
1181 1358 1301 1410 quasi
1337 1371 1439 1401 one-

219 1449 288 1488 re,
325 1433 508 1478 animum
541 1434 672 1475 levem
704 1443 744 1473 et
776 1432 976 1486 religione
1008 1433 1172 1475 solvam
1215 1444 1436 1493 antequam

220 1513 273 1554 ad
303 1512 444 1566 plures
471 1509 635 1551 abeam:
671 1508 787 1559 quod
820 1507 1012 1548 Socrates
1046 1507 1090 1549 in
1121 1507 1341 1550 Phaedone
1376 1510 1440 1550 di-

222 1588 318 1639 xit,
347 1588 647 1642 ἀσφαλέστερον
682 1583 785 1626 εἶναι
814 1585 872 1636 μὴ
899 1585 1060 1627 ἀπιέναι
1092 1584 1180 1638 πρὶν
1209 1587 1440 1637 &moa-ecberec-

220 1663 329 1706 σθαι.
391 1660 472 1701 Sed
506 1668 544 1699 61
574 1658 666 1711 ipsa
698 1669 773 1709 per
806 1669 850 1698 se
876 1657 1057 1700 amicitia
1094 1659 1173 1700 hoc
1201 1672 1223 1701 a
1250 1672 1315 1701 me
1347 1661 1438 1702 siv:

222 1747 377 1778 munus
412 1734 501 1775 sive
539 1741 857 1774 monumentum
894 1734 1151 1786 postulabat.
1221 1736 1340 1792 Quae
1371 1739 1439 1789 si,

219 1814 450 1858 secundum
496 1811 697 1863 Veteres,
739 1811 875 1854 virtus
916 1822 1015 1865 est,
1059 1826 1134 1857 nec
1174 1816 1309 1857 virtus
1346 1818 1439 1860 sinc

219 1886 440 1944 prudentia
488 1897 578 1927 esse
615 1895 801 1939 potest,
840 1889 1083 1940 prudentiae
1117 1901 1253 1932 autem
1294 1904 1358 1936 est
1393 1907 1438 1936 se

218 1967 360 2023 ipsum
399 1979 596 2020 noscere3
647 1967 697 2008 da
735 1965 799 2008 Te
835 1966 939 2008 mihi
976 1981 1223 2022 parumper,
1266 1972 1321 2013 mi
1354 1972 1440 2014 Bo.

221 2046 342 2098 sebi,
360 2045 444 2088 redi
469 2054 629 2086 mecum
655 2044 697 2085 in
721 2043 959 2085 memoriam
985 2045 1170 2098 priorum
1197 2056 1434 2101 temporum

218 2137 491 2178 nostrorum,
523 2134 571 2166 ut
605 2135 915 2178 cognoscamus
942 2136 964 2165 a
992 2125 1147 2177 quibus
1175 2126 1309 2169 initiis
1333 2140 1434 2182 pro-

212 2205 325 2247 fecta
342 2214 488 2248 nostra
499 2201 706 2252 amicitia,
723 2200 878 2252 quibus
902 2200 1049 2244 officiis
1073 2202 1187 2244 culta
1212 2213 1252 2244 et
1273 2205 1429 2246 confir-

217 2291 327 2323 mata
342 2311 356 2332 ‚
370 2289 409 2321 et
429 2279 569 2321 adhud
590 2277 801 2329 floruerit,
817 2286 856 2319 et
881 2277 923 2319 in
945 2289 1162 2332 posterum
1185 2292 1228 2321 se
1247 2291 1430 2326 tueatur.

274 2358 427 2398 Annus
459 2365 544 2397 erat
578 2367 829 2398 Moccan
867 2368 996 2408 quum
1040 2370 1117 2410 ego
1156 2359 1428 2412 adolescens,

215 2435 294 2477 hac
324 2432 366 2473 in
395 2432 615 2473 Academia
637 2431 794 2473 Literis
824 2433 993 2475 studens
1013 2464 1027 2484 ,
1058 2434 1297 2487 principum
1320 2438 1435 2490 inge·

218 2512 292 2553 nio
314 2508 587 2560 doctrinaque
618 2508 831 2559 virorum,
863 2507 1104 2553 Ruhnkenii
1138 2522 1178 2553 et
1205 2512 1435 2557 Valckena-

217 2587 298 2640 tii,
329 2585 634 2629 consuetudine
659 2594 699 2627 et
729 2584 908 2629 amicitia
933 2584 1077 2632 fruens
1093 2618 1108 2639 2
1134 2599 1209 2630 nec
1235 2589 1346 2633 aliud
1371 2591 1436 2633 ni-

1399 2679 1438 2710 51
