1693 3110
282 207 358 249 DE
390 203 901 265 mMQRTALITA-TE
932 204 1127 250 ANIMI.
1239 206 1319 260 645

113 328 275 386 gratius
297 339 360 371 est
374 359 392 380 ,
419 340 541 381 quam
562 328 758 375 homines
782 326 1030 371 civitatibus
1047 328 1194 381 acjure
1216 339 1317 369 con·
1338 342 1423 380 seyt.
1444 338 1488 374 x.

115 404 252 461 tineri.
311 405 474 462 Quare,
507 405 580 459 qui
619 406 669 447 de
699 414 814 451 statu
845 403 964 450 civili
991 404 1165 445 maxime
1186 403 1319 444 meriti
1341 383 1475 421 c1ee‚r0

110 476 294 530 fuerint,
325 479 391 520 his
425 480 599 522 maxime
635 479 793 520 reditus
829 487 944 539 patet
977 479 1028 523 ad
1061 478 1180 521 locos
1210 478 1320 520 unde

109 563 312 611 yenerunt
333 566 378 595 ae
401 555 533 602 Deos.
566 552 700 597 Conf.
732 553 838 605 Cap.
863 565 901 613 3.

111 683 117 687 ι
170 626 296 670 Terra
328 627 516 676 infimum
552 630 809 688 eundemque
835 619 1013 671 medium
1036 624 1237 673 Universi
1256 627 1321 685 1οε

110 713 207 749 cum
246 703 436 755 obtinet,
467 704 511 747 in
548 716 720 756 eamque
745 712 955 764 suonutu
979 713 1019 743 et
1046 702 1230 755 pondere
1252 702 1321 744 de-

108 776 302 819 feruntur
331 780 468 826 omnia
509 779 696 833 mortalia
721 789 761 824 et
781 781 966 831 caduca3
998 778 1221 831 superius,
1257 777 1321 818 in-

110 853 161 904 de
197 865 218 894 a
253 853 408 907 Luna,
442 856 583 903 omnia
604 865 704 896 sunt
728 855 884 897 divina.
947 854 1004 895 Et
1031 863 1151 895 motu
1169 864 1322 906 corpo·

108 940 200 979 rum
226 929 470 979 coelestium
497 932 630 973 oritur
656 930 937 979 suavissimus
957 939 1218 979 concentus,
1245 927 1322 979 qui

108 1003 159 1054 ab
209 1003 452 1046 hominibus
498 1006 680 1055 exaudiri
726 1006 901 1058 nequit3
947 1006 1105 1056 quippe
1140 1015 1322 1055 quorum

111 1090 231 1119 aures
258 1079 337 1120 hoc
363 1080 460 1132 ipso
483 1082 628 1123 sonitu
653 1083 989 1141 obsurduerunt:
1020 1092 1043 1120 a
1069 1079 1198 1120 beatis
1221 1090 1322 1122 vero

107 1155 343 1205 exauditur.
377 1155 509 1199 Conf.
533 1157 642 1210 Cap.
668 1171 695 1218 4
721 1166 759 1203 et
785 1168 827 1209 5.

165 1230 307 1285 Quum
340 1244 438 1284 ergo
471 1241 627 1274 terrena
655 1234 794 1274 omnia
831 1231 918 1274 sint
943 1231 1128 1281 caduca,
1161 1229 1223 1270 illi
1246 1229 1323 1269 ho-

109 1304 242 1356 mines
280 1307 353 1358 qui
386 1309 430 1352 in
465 1308 666 1348 coelestes
690 1308 812 1348 locos
851 1305 981 1347 redire
1006 1306 1204 1354 student,
1237 1316 1324 1347 non

109 1394 155 1435 se
175 1382 292 1435 vulgi
316 1381 582 1424 sermonibus
613 1381 708 1422 dare
735 1380 914 1431 debent,
945 1391 1021 1422 nec
1057 1379 1101 1422 in
1128 1379 1323 1432 praemiis

108 1440 304 1498 ¹humanis
337 1469 453 1509 spem
503 1468 637 1499 rerum
680 1466 850 1503 suarum
893 1465 1073 1507 ponere:
1117 1453 1208 1493 suis
1247 1441 1321 1497 eos

106 1529 313 1590 illecebris
349 1540 518 1582 oportet
547 1531 637 1582 ipsa
676 1530 813 1573 virtus
839 1530 974 1579 trahat
1010 1528 1061 1577 ad
1091 1539 1230 1577 verum
1254 1528 1324 1587 de-

103 1617 198 1660 ςιιε.
258 1604 391 1648 Conf.
425 1606 535 1654 Cap.
558 1618 600 1657 7.

161 1681 303 1722 Animi
344 1681 560 1728 hominum
594 1690 694 1722 sunt
736 1680 892 1724 divini.
952 1680 1095 1732 Nam,
1127 1688 1172 1720 ut
1205 1679 1322 1727 Deus

102 1743 201 1817 ipse
236 1758 380 1810 viget,
427 1757 579 1807 sentit,
621 1757 836 1808 meminit,
867 1756 1096 1810 providet,
1129 1756 1316 1815 modera7

111 1841 181 1874 tur
205 1844 244 1874 et
269 1841 407 1874 movet
426 1832 506 1873 hoc
531 1832 686 1876 Mundi
706 1835 877 1885 Corpus
894 1862 909 1891 2
941 1832 998 1878 ita
1023 1831 1206 1877 hominis
1241 1843 1320 1873 cu-

101 1909 265 1968 jusque
301 1908 483 1954 Animus
519 1908 654 1961 viget,
686 1908 841 1959 sentit,
871 1907 1085 1959 meminit,
1118 1917 1157 1951 et
1195 1919 1319 1954 suum

106 1985 281 2037 Corpus
312 1983 549 2030 moderatur
589 1995 636 2026 ac
667 1992 820 2027 movet.
880 1982 994 2028 Hinc
1019 1983 1143 2024 etiam
1168 1993 1320 2040 conse·

97 2059 280 2120 fluitur,
310 2057 489 2100 Animos
526 2059 744 2103 hominum
778 2069 869 2101 esse
906 2066 1113 2106 aeterno&
1176 2057 1319 2110 Nam,

108 2136 227 2193 quod
258 2147 305 2177 se
335 2134 476 2188 ipsum
511 2145 679 2186 movet,
710 2145 872 2186 semper
904 2133 948 2178 in
982 2132 1148 2181 actione
1165 2142 1206 2173 et
1229 2132 1320 2181 vita

112 2220 196 2253 est.
240 2210 373 2251 Conf.
417 2210 526 2262 Cap.
562 2213 583 2251 8
627 2221 667 2252 et
700 2222 744 2264 9.
805 2207 900 2254 Hoc
939 2218 1003 2257 est
1028 2217 1317 2260 argumentum

109 2298 158 2328 ex
195 2285 380 2326 Platonis
416 2270 632 2338 Phaedro,
665 2286 778 2339 quod
813 2284 858 2326 in
894 2280 1142 2334 Tusculana
1185 2284 1319 2339 prima

109 2369 375 2406 memoratur.

102 2418 112 2422 ”
164 2435 300 2489 Igitur
328 2435 506 2485 Animus
534 2438 616 2491 jam
656 2436 696 2479 in
733 2436 813 2478 hac
855 2433 942 2479 vita
991 2433 1163 2487 optimis
1196 2428 1318 2476 rebus

100 2500 357 2563 *exercendus
396 2520 476 2559 est.
547 2512 657 2558 Sunt
692 2520 829 2556 autem
871 2509 1080 2568 optimae,
1112 2522 1233 2559 curae
1269 2509 1319 2550 de

773 2586 839 2635 Ss
868 2598 894 2648 3
1254 2596 1320 2630 sa-
