<?xml version="1.0" encoding="UTF-8"?>
<!DOCTYPE html PUBLIC "-//W3C//DTD XHTML 1.0 Transitional//EN"
    "http://www.w3.org/TR/xhtml1/DTD/xhtml1-transitional.dtd">
<html xmlns="http://www.w3.org/1999/xhtml" xml:lang="en" lang="en">
 <head>
  <title>
</title>
<meta http-equiv="Content-Type" content="text/html;charset=utf-8" />
  <meta name='ocr-system' content='tesseract 3.04.00' />
  <meta name='ocr-capabilities' content='ocr_page ocr_carea ocr_par ocr_line ocrx_word'/>
</head>
<body>
  <div class='ocr_page' id='page_1' title='image "./opusculavariiarg02wytt/opusculavariiarg02wytt_0135.png"; bbox 0 0 1693 3110; ppageno 0'>
   <div class='ocr_carea' id='block_1_1' title="bbox 437 192 1413 250">
    <p class='ocr_par' dir='ltr' id='par_1_1' title="bbox 437 192 1413 250">
     <span class='ocr_line' id='line_1_1' title="bbox 437 192 1413 250; baseline 0.004 -12"><span class='ocrx_word' id='word_1_1' title='bbox 437 192 775 238; x_wconf 85' lang='lat' dir='ltr'>PHAEDONIS</span> <span class='ocrx_word' id='word_1_2' title='bbox 806 192 1150 239; x_wconf 85' lang='lat' dir='ltr'>PLATONICI.</span> <span class='ocrx_word' id='word_1_3' title='bbox 1332 207 1413 250; x_wconf 78' lang='lat'>119</span> 
     </span>
    </p>
   </div>
   <div class='ocr_carea' id='block_1_2' title="bbox 173 315 1425 2570">
    <p class='ocr_par' dir='ltr' id='par_1_2' title="bbox 173 315 1421 1735">
     <span class='ocr_line' id='line_1_2' title="bbox 177 315 1406 372; baseline 0.001 -13"><span class='ocrx_word' id='word_1_4' title='bbox 177 349 208 372; x_wconf 81' lang='lat'>,‚</span> <span class='ocrx_word' id='word_1_5' title='bbox 236 317 381 363; x_wconf 55' lang='lat' dir='ltr'>ventss’</span> <span class='ocrx_word' id='word_1_6' title='bbox 439 317 497 359; x_wconf 93' lang='lat' dir='ltr'>Et</span> <span class='ocrx_word' id='word_1_7' title='bbox 537 315 742 359; x_wconf 83' lang='lat' dir='ltr'>Herodoti</span> <span class='ocrx_word' id='word_1_8' title='bbox 778 316 912 368; x_wconf 81' lang='lat' dir='ltr'>iilud,</span> <span class='ocrx_word' id='word_1_9' title='bbox 946 320 1037 372; x_wconf 87' lang='lat' dir='ltr'>IV,</span> <span class='ocrx_word' id='word_1_10' title='bbox 1070 319 1152 371; x_wconf 82' lang='lat'>36:</span> <span class='ocrx_word' id='word_1_11' title='bbox 1186 319 1222 363; x_wconf 78' lang='grc' dir='ltr'>εἰ</span> <span class='ocrx_word' id='word_1_12' title='bbox 1256 317 1299 362; x_wconf 73' lang='grc' dir='ltr'>δέ</span> <span class='ocrx_word' id='word_1_13' title='bbox 1329 321 1406 363; x_wconf 68' lang='grc' dir='ltr'>εἰσί</span> 
     </span>
     <span class='ocr_line' id='line_1_3' title="bbox 176 394 1408 450; baseline -0.005 -8"><span class='ocrx_word' id='word_1_14' title='bbox 176 414 280 446; x_wconf 76' lang='grc' dir='ltr'><strong><em>τινες</em></strong></span> <span class='ocrx_word' id='word_1_15' title='bbox 303 396 552 449; x_wconf 68' lang='lat' dir='ltr'>‘Tm-spsso&#39;psor</span> <span class='ocrx_word' id='word_1_16' title='bbox 577 394 764 446; x_wconf 68' lang='grc' dir='ltr'>ἄνθρωποι</span> <span class='ocrx_word' id='word_1_17' title='bbox 781 423 795 445; x_wconf 84' lang='lat'>,</span> <span class='ocrx_word' id='word_1_18' title='bbox 829 395 906 438; x_wconf 75' lang='grc' dir='ltr'>εἶσὶ</span> <span class='ocrx_word' id='word_1_19' title='bbox 933 397 1000 440; x_wconf 75' lang='grc' dir='ltr'>καὶ</span> <span class='ocrx_word' id='word_1_20' title='bbox 1026 397 1256 450; x_wconf 77' lang='grc' dir='ltr'><em>ὑπερνότιοι·</em></span> <span class='ocrx_word' id='word_1_21' title='bbox 1290 396 1408 449; x_wconf 83' lang='lat' dir='ltr'>quod</span> 
     </span>
     <span class='ocr_line' id='line_1_4' title="bbox 173 467 1405 523; baseline -0.002 -7"><span class='ocrx_word' id='word_1_22' title='bbox 173 472 509 523; x_wconf 83' lang='lat' dir='ltr'><strong>Eratosthenes,</strong></span> <span class='ocrx_word' id='word_1_23' title='bbox 539 467 736 521; x_wconf 84' lang='lat' dir='ltr'>quamvis</span> <span class='ocrx_word' id='word_1_24' title='bbox 761 467 965 521; x_wconf 90' lang='lat' dir='ltr'>Stoicus,</span> <span class='ocrx_word' id='word_1_25' title='bbox 999 472 1265 523; x_wconf 81' lang='lat' dir='ltr'>reprehendit</span> <span class='ocrx_word' id='word_1_26' title='bbox 1290 472 1405 523; x_wconf 86' lang='lat' dir='ltr'>apud</span> 
     </span>
     <span class='ocr_line' id='line_1_5' title="bbox 177 543 1408 598; baseline 0.003 -9"><span class='ocrx_word' id='word_1_27' title='bbox 177 547 426 589; x_wconf 85' lang='lat' dir='ltr'>Strabonem</span> <span class='ocrx_word' id='word_1_28' title='bbox 462 545 511 597; x_wconf 91' lang='lat' dir='ltr'>I,</span> <span class='ocrx_word' id='word_1_29' title='bbox 554 557 598 598; x_wconf 91' lang='lat' dir='ltr'>p.</span> <span class='ocrx_word' id='word_1_30' title='bbox 634 543 743 595; x_wconf 88' lang='lat'>106,</span> <span class='ocrx_word' id='word_1_31' title='bbox 779 552 819 584; x_wconf 87' lang='lat' dir='ltr'>et</span> <span class='ocrx_word' id='word_1_32' title='bbox 858 555 968 597; x_wconf 85' lang='lat'>107,</span> <span class='ocrx_word' id='word_1_33' title='bbox 1012 545 1087 586; x_wconf 90' lang='lat' dir='ltr'>ubi</span> <span class='ocrx_word' id='word_1_34' title='bbox 1122 547 1408 594; x_wconf 85' lang='lat' dir='ltr'>Casaubonus</span> 
     </span>
     <span class='ocr_line' id='line_1_6' title="bbox 176 619 1406 678; baseline 0.002 -13"><span class='ocrx_word' id='word_1_35' title='bbox 176 624 356 678; x_wconf 84' lang='lat' dir='ltr'>legatur.</span> <span class='ocrx_word' id='word_1_36' title='bbox 430 621 540 672; x_wconf 91' lang='lat' dir='ltr'>Sed,</span> <span class='ocrx_word' id='word_1_37' title='bbox 582 620 619 662; x_wconf 90' lang='lat' dir='ltr'>si</span> <span class='ocrx_word' id='word_1_38' title='bbox 663 619 745 661; x_wconf 94' lang='lat' dir='ltr'>hoc</span> <span class='ocrx_word' id='word_1_39' title='bbox 787 621 1045 663; x_wconf 85' lang='lat' dir='ltr'><strong>concedatur</strong></span> <span class='ocrx_word' id='word_1_40' title='bbox 1082 621 1278 676; x_wconf 88' lang='lat' dir='ltr'>Platoni,</span> <span class='ocrx_word' id='word_1_41' title='bbox 1319 626 1406 669; x_wconf 87' lang='lat' dir='ltr'>duo</span> 
     </span>
     <span class='ocr_line' id='line_1_7' title="bbox 177 697 1405 753; baseline 0.003 -13"><span class='ocrx_word' id='word_1_42' title='bbox 177 697 388 741; x_wconf 86' lang='lat' dir='ltr'>contraria</span> <span class='ocrx_word' id='word_1_43' title='bbox 424 697 525 738; x_wconf 86' lang='lat' dir='ltr'>haec</span> <span class='ocrx_word' id='word_1_44' title='bbox 570 708 717 750; x_wconf 87' lang='lat' dir='ltr'>genera</span> <span class='ocrx_word' id='word_1_45' title='bbox 756 697 965 741; x_wconf 65' lang='grc' dir='ltr'><em>ἆτύνθετον</em></span> <span class='ocrx_word' id='word_1_46' title='bbox 1014 708 1055 739; x_wconf 88' lang='lat' dir='ltr'>et</span> <span class='ocrx_word' id='word_1_47' title='bbox 1100 701 1314 753; x_wconf 73' lang='grc' dir='ltr'><em>συνθετὸν,</em></span> <span class='ocrx_word' id='word_1_48' title='bbox 1360 715 1405 744; x_wconf 89' lang='lat' dir='ltr'>re</span> 
     </span>
     <span class='ocr_line' id='line_1_8' title="bbox 177 771 1412 830; baseline 0.003 -14"><span class='ocrx_word' id='word_1_49' title='bbox 177 785 275 816; x_wconf 86' lang='lat' dir='ltr'>vera</span> <span class='ocrx_word' id='word_1_50' title='bbox 299 785 423 825; x_wconf 88' lang='lat' dir='ltr'>esse,</span> <span class='ocrx_word' id='word_1_51' title='bbox 453 783 529 815; x_wconf 89' lang='lat' dir='ltr'>nec</span> <span class='ocrx_word' id='word_1_52' title='bbox 555 771 852 814; x_wconf 83' lang='lat' dir='ltr'>tantummodo</span> <span class='ocrx_word' id='word_1_53' title='bbox 874 772 1136 827; x_wconf 85' lang='lat' dir='ltr'>cogitatione</span> <span class='ocrx_word' id='word_1_54' title='bbox 1157 774 1287 830; x_wconf 72' lang='lat' dir='ltr'>fingi,</span> <span class='ocrx_word' id='word_1_55' title='bbox 1313 779 1412 820; x_wconf 86' lang='lat' dir='ltr'>nul·</span> 
     </span>
     <span class='ocr_line' id='line_1_9' title="bbox 177 849 1409 904; baseline 0.003 -12"><span class='ocrx_word' id='word_1_56' title='bbox 177 850 220 892; x_wconf 91' lang='lat' dir='ltr'>la</span> <span class='ocrx_word' id='word_1_57' title='bbox 243 850 322 890; x_wconf 90' lang='lat' dir='ltr'>erit</span> <span class='ocrx_word' id='word_1_58' title='bbox 354 849 459 891; x_wconf 89' lang='lat' dir='ltr'>ratio</span> <span class='ocrx_word' id='word_1_59' title='bbox 492 860 619 901; x_wconf 85' lang='lat' dir='ltr'>quare</span> <span class='ocrx_word' id='word_1_60' title='bbox 655 860 744 890; x_wconf 89' lang='lat' dir='ltr'>non</span> <span class='ocrx_word' id='word_1_61' title='bbox 769 849 1029 891; x_wconf 82' lang='lat' dir='ltr'><strong>concedatur</strong></span> <span class='ocrx_word' id='word_1_62' title='bbox 1059 849 1166 893; x_wconf 77' lang='lat' dir='ltr'>illud</span> <span class='ocrx_word' id='word_1_63' title='bbox 1201 854 1319 904; x_wconf 85' lang='lat' dir='ltr'>quod</span> <span class='ocrx_word' id='word_1_64' title='bbox 1343 855 1409 896; x_wconf 92' lang='lat' dir='ltr'>in-</span> 
     </span>
     <span class='ocr_line' id='line_1_10' title="bbox 184 923 1413 978; baseline 0.003 -10"><span class='ocrx_word' id='word_1_65' title='bbox 184 927 237 968; x_wconf 88' lang='lat' dir='ltr'>de</span> <span class='ocrx_word' id='word_1_66' title='bbox 267 926 491 978; x_wconf 86' lang='lat' dir='ltr'>sequitur,</span> <span class='ocrx_word' id='word_1_67' title='bbox 532 923 736 966; x_wconf 85' lang='lat' dir='ltr'>Animum</span> <span class='ocrx_word' id='word_1_68' title='bbox 772 936 868 966; x_wconf 81' lang='lat' dir='ltr'>esse</span> <span class='ocrx_word' id='word_1_69' title='bbox 896 924 1133 977; x_wconf 84' lang='lat' dir='ltr'><strong>simplicem</strong></span> <span class='ocrx_word' id='word_1_70' title='bbox 1164 939 1241 970; x_wconf 91' lang='lat' dir='ltr'>nec</span> <span class='ocrx_word' id='word_1_71' title='bbox 1277 939 1413 973; x_wconf 89' lang='lat' dir='ltr'>morte</span> 
     </span>
     <span class='ocr_line' id='line_1_11' title="bbox 178 999 1412 1056; baseline -0.002 -11"><span class='ocrx_word' id='word_1_72' title='bbox 178 1002 392 1056; x_wconf 84' lang='lat' dir='ltr'>Corporis</span> <span class='ocrx_word' id='word_1_73' title='bbox 413 1000 617 1043; x_wconf 86' lang='lat' dir='ltr'>dissolvi.</span> <span class='ocrx_word' id='word_1_74' title='bbox 675 999 773 1041; x_wconf 91' lang='lat' dir='ltr'>Hoc</span> <span class='ocrx_word' id='word_1_75' title='bbox 802 999 912 1041; x_wconf 89' lang='lat' dir='ltr'>enim</span> <span class='ocrx_word' id='word_1_76' title='bbox 939 1000 1060 1043; x_wconf 85' lang='lat' dir='ltr'>Plato</span> <span class='ocrx_word' id='word_1_77' title='bbox 1080 1002 1271 1055; x_wconf 85' lang='lat' dir='ltr'>diligenti</span> <span class='ocrx_word' id='word_1_78' title='bbox 1293 1018 1412 1047; x_wconf 82' lang='lat' dir='ltr'>com.</span> 
     </span>
     <span class='ocr_line' id='line_1_12' title="bbox 178 1075 1412 1132; baseline 0.002 -12"><span class='ocrx_word' id='word_1_79' title='bbox 178 1079 401 1132; x_wconf 86' lang='lat' dir='ltr'>paratione</span> <span class='ocrx_word' id='word_1_80' title='bbox 427 1076 573 1118; x_wconf 88' lang='lat' dir='ltr'>Animi</span> <span class='ocrx_word' id='word_1_81' title='bbox 598 1087 694 1116; x_wconf 90' lang='lat' dir='ltr'>cum</span> <span class='ocrx_word' id='word_1_82' title='bbox 726 1075 923 1128; x_wconf 83' lang='lat' dir='ltr'>Corpore</span> <span class='ocrx_word' id='word_1_83' title='bbox 964 1076 1157 1118; x_wconf 85' lang='lat' dir='ltr'>conficit.</span> <span class='ocrx_word' id='word_1_84' title='bbox 1217 1076 1412 1122; x_wconf 88' lang='lat' dir='ltr'>Revocat</span> 
     </span>
     <span class='ocr_line' id='line_1_13' title="bbox 180 1150 1417 1206; baseline 0.002 -9"><span class='ocrx_word' id='word_1_85' title='bbox 180 1154 366 1206; x_wconf 91' lang='lat' dir='ltr'>denique</span> <span class='ocrx_word' id='word_1_86' title='bbox 401 1153 484 1195; x_wconf 90' lang='lat' dir='ltr'>hoc</span> <span class='ocrx_word' id='word_1_87' title='bbox 511 1152 820 1205; x_wconf 84' lang='lat' dir='ltr'>Argumentum</span> <span class='ocrx_word' id='word_1_88' title='bbox 860 1150 912 1191; x_wconf 82' lang='lat' dir='ltr'>ad</span> <span class='ocrx_word' id='word_1_89' title='bbox 945 1150 1143 1193; x_wconf 86' lang='lat' dir='ltr'>Divinam</span> <span class='ocrx_word' id='word_1_90' title='bbox 1181 1153 1417 1199; x_wconf 84' lang='lat' dir='ltr'>Providen-</span> 
     </span>
     <span class='ocr_line' id='line_1_14' title="bbox 180 1226 1410 1281; baseline 0.002 -9"><span class='ocrx_word' id='word_1_91' title='bbox 180 1230 282 1272; x_wconf 89' lang='lat' dir='ltr'>tiam</span> <span class='ocrx_word' id='word_1_92' title='bbox 305 1259 320 1281; x_wconf 92' lang='lat'>,</span> <span class='ocrx_word' id='word_1_93' title='bbox 352 1237 400 1270; x_wconf 90' lang='lat' dir='ltr'>ut</span> <span class='ocrx_word' id='word_1_94' title='bbox 428 1229 576 1269; x_wconf 87' lang='lat' dir='ltr'>doceat</span> <span class='ocrx_word' id='word_1_95' title='bbox 601 1226 782 1268; x_wconf 86' lang='lat' dir='ltr'>Animos</span> <span class='ocrx_word' id='word_1_96' title='bbox 816 1226 865 1269; x_wconf 87' lang='lat' dir='ltr'>ad</span> <span class='ocrx_word' id='word_1_97' title='bbox 888 1227 1104 1270; x_wconf 87' lang='lat' dir='ltr'>veritatem</span> <span class='ocrx_word' id='word_1_98' title='bbox 1138 1240 1184 1271; x_wconf 87' lang='lat' dir='ltr'>ac</span> <span class='ocrx_word' id='word_1_99' title='bbox 1209 1230 1410 1276; x_wconf 87' lang='lat' dir='ltr'>virtutem</span> 
     </span>
     <span class='ocr_line' id='line_1_15' title="bbox 180 1301 1416 1357; baseline 0.002 -9"><span class='ocrx_word' id='word_1_100' title='bbox 180 1305 323 1348; x_wconf 85' lang='lat' dir='ltr'>factos</span> <span class='ocrx_word' id='word_1_101' title='bbox 353 1316 446 1345; x_wconf 88' lang='lat' dir='ltr'>esse</span> <span class='ocrx_word' id='word_1_102' title='bbox 481 1303 504 1344; x_wconf 73' lang='lat' dir='ltr'>a</span> <span class='ocrx_word' id='word_1_103' title='bbox 541 1301 654 1344; x_wconf 87' lang='lat' dir='ltr'>Deo.</span> <span class='ocrx_word' id='word_1_104' title='bbox 735 1302 900 1356; x_wconf 83' lang='lat' dir='ltr'>Igitur,</span> <span class='ocrx_word' id='word_1_105' title='bbox 945 1312 992 1344; x_wconf 87' lang='lat' dir='ltr'>ut</span> <span class='ocrx_word' id='word_1_106' title='bbox 1028 1303 1216 1357; x_wconf 86' lang='lat' dir='ltr'>quisque</span> <span class='ocrx_word' id='word_1_107' title='bbox 1252 1306 1297 1349; x_wconf 89' lang='lat' dir='ltr'>in</span> <span class='ocrx_word' id='word_1_108' title='bbox 1335 1309 1416 1351; x_wconf 68' lang='lat' dir='ltr'>hac</span> 
     </span>
     <span class='ocr_line' id='line_1_16' title="bbox 181 1377 1419 1435; baseline -0.002 -13"><span class='ocrx_word' id='word_1_109' title='bbox 181 1381 274 1423; x_wconf 76' lang='lat' dir='ltr'>vita</span> <span class='ocrx_word' id='word_1_110' title='bbox 296 1379 476 1423; x_wconf 87' lang='lat' dir='ltr'>Divinae</span> <span class='ocrx_word' id='word_1_111' title='bbox 500 1377 600 1419; x_wconf 87' lang='lat' dir='ltr'>huic</span> <span class='ocrx_word' id='word_1_112' title='bbox 636 1378 718 1432; x_wconf 82' lang='lat' dir='ltr'>legi</span> <span class='ocrx_word' id='word_1_113' title='bbox 752 1378 968 1430; x_wconf 87' lang='lat' dir='ltr'>paruerit,</span> <span class='ocrx_word' id='word_1_114' title='bbox 1002 1378 1058 1420; x_wconf 87' lang='lat' dir='ltr'>ita</span> <span class='ocrx_word' id='word_1_115' title='bbox 1097 1381 1311 1435; x_wconf 85' lang='lat' dir='ltr'>cujusque</span> <span class='ocrx_word' id='word_1_116' title='bbox 1347 1384 1419 1425; x_wconf 65' lang='lat' dir='ltr'>fu.</span> 
     </span>
     <span class='ocr_line' id='line_1_17' title="bbox 181 1453 1421 1505; baseline 0.003 -8"><span class='ocrx_word' id='word_1_117' title='bbox 181 1465 326 1497; x_wconf 85' lang='lat' dir='ltr'>turum</span> <span class='ocrx_word' id='word_1_118' title='bbox 366 1461 525 1496; x_wconf 89' lang='lat' dir='ltr'>statum</span> <span class='ocrx_word' id='word_1_119' title='bbox 562 1453 671 1496; x_wconf 87' lang='lat' dir='ltr'>fore.</span> <span class='ocrx_word' id='word_1_120' title='bbox 732 1453 845 1494; x_wconf 88' lang='lat' dir='ltr'>Nam</span> <span class='ocrx_word' id='word_1_121' title='bbox 878 1454 953 1505; x_wconf 89' lang='lat' dir='ltr'>qui</span> <span class='ocrx_word' id='word_1_122' title='bbox 987 1454 1154 1496; x_wconf 86' lang='lat' dir='ltr'>veritati</span> <span class='ocrx_word' id='word_1_123' title='bbox 1189 1469 1236 1497; x_wconf 86' lang='lat' dir='ltr'>ac</span> <span class='ocrx_word' id='word_1_124' title='bbox 1268 1460 1421 1502; x_wconf 85' lang='lat' dir='ltr'>virtuti</span> 
     </span>
     <span class='ocr_line' id='line_1_18' title="bbox 183 1529 1414 1582; baseline 0.001 -8"><span class='ocrx_word' id='word_1_125' title='bbox 183 1532 483 1580; x_wconf 74' lang='lat' dir='ltr'>studuissent,</span> <span class='ocrx_word' id='word_1_126' title='bbox 513 1542 588 1572; x_wconf 88' lang='lat' dir='ltr'>eos</span> <span class='ocrx_word' id='word_1_127' title='bbox 619 1530 671 1570; x_wconf 83' lang='lat' dir='ltr'>ad</span> <span class='ocrx_word' id='word_1_128' title='bbox 705 1529 842 1572; x_wconf 86' lang='lat' dir='ltr'>Deum</span> <span class='ocrx_word' id='word_1_129' title='bbox 883 1541 1164 1582; x_wconf 80' lang='lat' dir='ltr'>perventuros</span> <span class='ocrx_word' id='word_1_130' title='bbox 1197 1543 1414 1576; x_wconf 86' lang='lat' dir='ltr'>auctorem</span> 
     </span>
     <span class='ocr_line' id='line_1_19' title="bbox 186 1604 1417 1658; baseline 0.002 -8"><span class='ocrx_word' id='word_1_131' title='bbox 186 1606 400 1650; x_wconf 84' lang='lat' dir='ltr'>veritatis:</span> <span class='ocrx_word' id='word_1_132' title='bbox 435 1604 511 1656; x_wconf 89' lang='lat' dir='ltr'>qui</span> <span class='ocrx_word' id='word_1_133' title='bbox 547 1616 646 1646; x_wconf 85' lang='lat' dir='ltr'>vero</span> <span class='ocrx_word' id='word_1_134' title='bbox 669 1604 879 1657; x_wconf 88' lang='lat' dir='ltr'>Corporis</span> <span class='ocrx_word' id='word_1_135' title='bbox 908 1605 1204 1658; x_wconf 88' lang='lat' dir='ltr'>voluptatibus</span> <span class='ocrx_word' id='word_1_136' title='bbox 1243 1610 1417 1654; x_wconf 88' lang='lat' dir='ltr'>serviis·</span> 
     </span>
     <span class='ocr_line' id='line_1_20' title="bbox 189 1679 1416 1735; baseline 0.003 -10"><span class='ocrx_word' id='word_1_137' title='bbox 189 1690 312 1733; x_wconf 84' lang='lat' dir='ltr'>sent,</span> <span class='ocrx_word' id='word_1_138' title='bbox 336 1692 410 1722; x_wconf 88' lang='lat' dir='ltr'>eos</span> <span class='ocrx_word' id='word_1_139' title='bbox 433 1680 573 1721; x_wconf 92' lang='lat' dir='ltr'>denuo</span> <span class='ocrx_word' id='word_1_140' title='bbox 593 1679 767 1732; x_wconf 88' lang='lat' dir='ltr'>Corpus</span> <span class='ocrx_word' id='word_1_141' title='bbox 794 1691 1016 1734; x_wconf 82' lang='lat' dir='ltr'>quaerere,</span> <span class='ocrx_word' id='word_1_142' title='bbox 1051 1681 1095 1724; x_wconf 88' lang='lat' dir='ltr'>in</span> <span class='ocrx_word' id='word_1_143' title='bbox 1121 1695 1259 1735; x_wconf 88' lang='lat' dir='ltr'>eoque</span> <span class='ocrx_word' id='word_1_144' title='bbox 1280 1687 1416 1729; x_wconf 81' lang='lat' dir='ltr'>nasci.</span> 
     </span>
    </p>

    <p class='ocr_par' dir='ltr' id='par_1_3' title="bbox 184 1755 1425 2570">
     <span class='ocr_line' id='line_1_21' title="bbox 245 1755 1422 1808; baseline 0.007 -9"><span class='ocrx_word' id='word_1_145' title='bbox 245 1757 419 1800; x_wconf 85' lang='lat' dir='ltr'>Sextum</span> <span class='ocrx_word' id='word_1_146' title='bbox 456 1755 766 1807; x_wconf 84' lang='lat' dir='ltr'>Argumentum</span> <span class='ocrx_word' id='word_1_147' title='bbox 800 1755 986 1808; x_wconf 84' lang='lat' dir='ltr'>pertinet</span> <span class='ocrx_word' id='word_1_148' title='bbox 1017 1757 1069 1799; x_wconf 89' lang='lat' dir='ltr'>ad</span> <span class='ocrx_word' id='word_1_149' title='bbox 1113 1759 1422 1808; x_wconf 84' lang='lat' dir='ltr'>confutandam</span> 
     </span>
     <span class='ocr_line' id='line_1_22' title="bbox 184 1829 1423 1886; baseline 0 -9"><span class='ocrx_word' id='word_1_150' title='bbox 184 1845 333 1877; x_wconf 90' lang='lat' dir='ltr'>eorum</span> <span class='ocrx_word' id='word_1_151' title='bbox 366 1830 639 1884; x_wconf 80' lang='lat' dir='ltr'>opinionem,</span> <span class='ocrx_word' id='word_1_152' title='bbox 670 1829 746 1882; x_wconf 89' lang='lat' dir='ltr'>qui</span> <span class='ocrx_word' id='word_1_153' title='bbox 777 1831 981 1873; x_wconf 87' lang='lat' dir='ltr'>Animum</span> <span class='ocrx_word' id='word_1_154' title='bbox 1021 1832 1067 1875; x_wconf 85' lang='lat' dir='ltr'>iu</span> <span class='ocrx_word' id='word_1_155' title='bbox 1093 1834 1274 1886; x_wconf 68' lang='lat' dir='ltr'>quadam</span> <span class='ocrx_word' id='word_1_156' title='bbox 1311 1839 1423 1881; x_wconf 88' lang='lat' dir='ltr'>Cor-</span> 
     </span>
     <span class='ocr_line' id='line_1_23' title="bbox 185 1905 1420 1964; baseline 0.004 -12"><span class='ocrx_word' id='word_1_157' title='bbox 185 1909 305 1964; x_wconf 86' lang='lat' dir='ltr'>poris</span> <span class='ocrx_word' id='word_1_158' title='bbox 331 1905 581 1957; x_wconf 84' lang='lat' dir='ltr'>affectione,</span> <span class='ocrx_word' id='word_1_159' title='bbox 613 1915 654 1947; x_wconf 90' lang='lat' dir='ltr'>et</span> <span class='ocrx_word' id='word_1_160' title='bbox 687 1905 880 1949; x_wconf 88' lang='lat' dir='ltr'>humoris</span> <span class='ocrx_word' id='word_1_161' title='bbox 903 1908 1177 1962; x_wconf 87' lang='lat' dir='ltr'>calorisque,</span> <span class='ocrx_word' id='word_1_162' title='bbox 1212 1912 1420 1958; x_wconf 86' lang='lat' dir='ltr'>siccitatis</span> 
     </span>
     <span class='ocr_line' id='line_1_24' title="bbox 186 1983 1420 2038; baseline -0.002 -10"><span class='ocrx_word' id='word_1_163' title='bbox 186 1998 235 2028; x_wconf 86' lang='lat' dir='ltr'>ac</span> <span class='ocrx_word' id='word_1_164' title='bbox 258 1983 463 2038; x_wconf 84' lang='lat' dir='ltr'>frigoris,</span> <span class='ocrx_word' id='word_1_165' title='bbox 495 1991 828 2034; x_wconf 88' lang='lat' dir='ltr'>temperamento</span> <span class='ocrx_word' id='word_1_166' title='bbox 856 1993 1126 2037; x_wconf 82' lang='lat' dir='ltr'>posuerunt3</span> <span class='ocrx_word' id='word_1_167' title='bbox 1160 1987 1296 2030; x_wconf 82' lang='lat' dir='ltr'>veluti</span> <span class='ocrx_word' id='word_1_168' title='bbox 1319 1991 1420 2034; x_wconf 71' lang='lat' dir='ltr'>Par-</span> 
     </span>
     <span class='ocr_line' id='line_1_25' title="bbox 185 2055 1422 2114; baseline 0.005 -11"><span class='ocrx_word' id='word_1_169' title='bbox 185 2060 401 2112; x_wconf 86' lang='lat' dir='ltr'>menides,</span> <span class='ocrx_word' id='word_1_170' title='bbox 437 2060 585 2109; x_wconf 87' lang='lat' dir='ltr'>Zeno,</span> <span class='ocrx_word' id='word_1_171' title='bbox 619 2067 659 2099; x_wconf 89' lang='lat' dir='ltr'>et</span> <span class='ocrx_word' id='word_1_172' title='bbox 692 2056 783 2100; x_wconf 86' lang='lat' dir='ltr'>alii.</span> <span class='ocrx_word' id='word_1_173' title='bbox 843 2055 892 2099; x_wconf 89' lang='lat' dir='ltr'>In</span> <span class='ocrx_word' id='word_1_174' title='bbox 924 2058 1006 2100; x_wconf 89' lang='lat' dir='ltr'>hoc</span> <span class='ocrx_word' id='word_1_175' title='bbox 1034 2061 1301 2114; x_wconf 79' lang='lat' dir='ltr'>Arg-umento</span> <span class='ocrx_word' id='word_1_176' title='bbox 1335 2079 1422 2110; x_wconf 78' lang='lat' dir='ltr'>ma-</span> 
     </span>
     <span class='ocr_line' id='line_1_26' title="bbox 187 2131 1418 2192; baseline 0.005 -14"><span class='ocrx_word' id='word_1_177' title='bbox 187 2149 269 2191; x_wconf 84' lang='lat' dir='ltr'>gna</span> <span class='ocrx_word' id='word_1_178' title='bbox 291 2146 356 2178; x_wconf 89' lang='lat' dir='ltr'>est</span> <span class='ocrx_word' id='word_1_179' title='bbox 380 2135 472 2186; x_wconf 85' lang='lat' dir='ltr'>vis,</span> <span class='ocrx_word' id='word_1_180' title='bbox 506 2145 631 2187; x_wconf 83' lang='lat' dir='ltr'>quam</span> <span class='ocrx_word' id='word_1_181' title='bbox 656 2131 830 2174; x_wconf 87' lang='lat' dir='ltr'>uberius</span> <span class='ocrx_word' id='word_1_182' title='bbox 867 2133 1163 2185; x_wconf 80' lang='lat' dir='ltr'>explicuerunt</span> <span class='ocrx_word' id='word_1_183' title='bbox 1205 2142 1418 2192; x_wconf 83' lang='lat' dir='ltr'>posterio-</span> 
     </span>
     <span class='ocr_line' id='line_1_27' title="bbox 186 2207 1421 2271; baseline 0.002 -18"><span class='ocrx_word' id='word_1_184' title='bbox 186 2223 282 2263; x_wconf 87' lang='lat' dir='ltr'>res,</span> <span class='ocrx_word' id='word_1_185' title='bbox 323 2211 399 2263; x_wconf 90' lang='lat' dir='ltr'>qui</span> <span class='ocrx_word' id='word_1_186' title='bbox 431 2210 622 2253; x_wconf 83' lang='lat' dir='ltr'>Platonis</span> <span class='ocrx_word' id='word_1_187' title='bbox 655 2207 834 2262; x_wconf 86' lang='lat' dir='ltr'>vestigia</span> <span class='ocrx_word' id='word_1_188' title='bbox 867 2211 1079 2261; x_wconf 88' lang='lat' dir='ltr'>persecuti</span> <span class='ocrx_word' id='word_1_189' title='bbox 1116 2224 1248 2267; x_wconf 87' lang='lat' dir='ltr'>sunt,</span> <span class='ocrx_word' id='word_1_190' title='bbox 1290 2228 1421 2271; x_wconf 78' lang='lat' dir='ltr'>atque</span> 
     </span>
     <span class='ocr_line' id='line_1_28' title="bbox 187 2284 1417 2347; baseline 0.005 -19"><span class='ocrx_word' id='word_1_191' title='bbox 187 2286 397 2340; x_wconf 83' lang='lat' dir='ltr'>egregiam</span> <span class='ocrx_word' id='word_1_192' title='bbox 439 2285 565 2328; x_wconf 88' lang='lat' dir='ltr'>nobis</span> <span class='ocrx_word' id='word_1_193' title='bbox 594 2284 995 2327; x_wconf 86' lang='lat' dir='ltr'>demonstrationem</span> <span class='ocrx_word' id='word_1_194' title='bbox 1021 2299 1298 2345; x_wconf 84' lang='lat' dir='ltr'>pepererunt,</span> <span class='ocrx_word' id='word_1_195' title='bbox 1333 2297 1417 2347; x_wconf 68' lang='lat' dir='ltr'>qua</span> 
     </span>
     <span class='ocr_line' id='line_1_29' title="bbox 188 2360 1419 2425; baseline 0.008 -23"><span class='ocrx_word' id='word_1_196' title='bbox 188 2361 399 2413; x_wconf 85' lang='lat' dir='ltr'>efficitur,</span> <span class='ocrx_word' id='word_1_197' title='bbox 433 2360 662 2416; x_wconf 78' lang='lat' dir='ltr'>Cogitandi</span> <span class='ocrx_word' id='word_1_198' title='bbox 685 2364 770 2404; x_wconf 70' lang='lat' dir='ltr'>vim</span> <span class='ocrx_word' id='word_1_199' title='bbox 797 2374 878 2402; x_wconf 79' lang='lat' dir='ltr'>non</span> <span class='ocrx_word' id='word_1_200' title='bbox 900 2372 1019 2416; x_wconf 79' lang='lat' dir='ltr'>posse</span> <span class='ocrx_word' id='word_1_201' title='bbox 1048 2365 1180 2407; x_wconf 71' lang='lat' dir='ltr'>inesse</span> <span class='ocrx_word' id='word_1_202' title='bbox 1207 2369 1419 2425; x_wconf 67' lang='lat' dir='ltr'>Corpori,</span> 
     </span>
     <span class='ocr_line' id='line_1_30' title="bbox 190 2436 1425 2498; baseline 0.006 -19"><span class='ocrx_word' id='word_1_203' title='bbox 190 2440 343 2493; x_wconf 77' lang='lat' dir='ltr'>quippe</span> <span class='ocrx_word' id='word_1_204' title='bbox 363 2436 483 2487; x_wconf 75' lang='lat' dir='ltr'>cujus</span> <span class='ocrx_word' id='word_1_205' title='bbox 505 2450 639 2478; x_wconf 77' lang='lat' dir='ltr'>omncs</span> <span class='ocrx_word' id='word_1_206' title='bbox 665 2439 849 2478; x_wconf 76' lang='lat' dir='ltr'>actiones</span> <span class='ocrx_word' id='word_1_207' title='bbox 866 2439 1163 2498; x_wconf 72' lang='lat' dir='ltr'>passionesque</span> <span class='ocrx_word' id='word_1_208' title='bbox 1175 2448 1425 2487; x_wconf 71' lang='lat' dir='ltr'>continean-</span> 
     </span>
     <span class='ocr_line' id='line_1_31' title="bbox 190 2514 1005 2570; baseline 0.001 -14"><span class='ocrx_word' id='word_1_209' title='bbox 190 2522 269 2556; x_wconf 64' lang='lat' dir='ltr'>tur</span> <span class='ocrx_word' id='word_1_210' title='bbox 292 2514 493 2570; x_wconf 67' lang='lat' dir='ltr'>partium</span> <span class='ocrx_word' id='word_1_211' title='bbox 525 2515 760 2557; x_wconf 74' lang='lat' dir='ltr'>mutatione</span> <span class='ocrx_word' id='word_1_212' title='bbox 790 2526 841 2553; x_wconf 80' lang='lat' dir='ltr'>ae</span> <span class='ocrx_word' id='word_1_213' title='bbox 871 2522 1005 2560; x_wconf 76' lang='lat' dir='ltr'>motu.</span> 
     </span>
    </p>
   </div>
   <div class='ocr_carea' id='block_1_3' title="bbox 778 2587 1422 2650">
    <p class='ocr_par' dir='ltr' id='par_1_4' title="bbox 778 2587 1422 2650">
     <span class='ocr_line' id='line_1_32' title="bbox 778 2587 1422 2650; baseline -0.002 -19"><span class='ocrx_word' id='word_1_214' title='bbox 778 2587 820 2631; x_wconf 84' lang='lat' dir='ltr'>Il</span> <span class='ocrx_word' id='word_1_215' title='bbox 850 2601 878 2640; x_wconf 73' lang='lat'>4</span> <span class='ocrx_word' id='word_1_216' title='bbox 1320 2594 1422 2650; x_wconf 61' lang='lat' dir='ltr'>Sep„</span> 
     </span>
    </p>
   </div>
  </div>
 </body>
</html>
