1693 3110
282 164 364 221 ⁴³0
515 148 1324 208 -DISPUT-A‘T1'6‘·

283 283 476 328 Mundus
498 291 614 324 totus
637 295 760 329 suum
784 283 866 326 sibi
887 283 1334 331 habebit-effectorem.
1392 278 1483 331 Sed'*

281 363 428 414 plures
456 371 541 400 uno
576 358 765 400 Mundos
789 371 878 401 esse
915 371 1000 401 non
1037 372 1194 412 posse,
1227 362 1481 406 demonstra-

282 445 371 480 tum
407 444 470 476 est
502 448 524 475 a
554 434 717 476 Wolfio
740 434 932 488 Metaph.
963 435 1076 478 Min.
1120 438 1159 490 ἕ.
1188 439 1289 489 948-
1323 447 1363 480 et
1392 451 1502 491 sequv

283 513 419 570 Quale
442 512 601 552 tandem
626 510 730 554 illud
752 522 816 552 est
845 513 1151 555 demonstrandi
1177 514 1343 565 genus?
1403 515 1489 557 Ni.

282 587 431 631 mirum
453 585 555 626 tale:
599 584 647 626 St·
671 584 751 626 duo
783 587 868 626 sint
902 585 1081 641 numdi,-
1111 595 1239 628 erunt
1270 587 1340 630 vel
1366 587 1492 630 dissi-

283 663 402 706 miles
426 663 495 706 vel
514 663 685 705 similes.
745 660 852 714 Jam
877 664 914 703 si
937 663 1021 703 sim
1050 660 1227 712 similes,
1258 660 1377 704 nulla
1403 664 1491 703 erin

283 741 399 781 ratio
418 739 644 794 sufficiens,
674 749 808 793 quare
837 737 981 780 altera
1015 739 1089 779 hoc
1122 738 1206 780 loco
1230 739 1314 790 sit,
1345 740 1492 782 altera

281 814 370 859 illo.
432 814 491 854 Ec
516 815 552 855 si
573 816 656 854 sint
679 813 924 866 dissimiles3
953 827 1002 853 ne
1027 816 1084 854 sic
1110 813 1277 869 quidem
1309 815 1392 854 erit
1418 827 1495 856 ra·

283 895 342 933 tio
363 892 585 946 sufficiens,
616 903 751 945 quare
777 888 920 930 altera
945 889 1047 939 hoc,
1079 890 1223 931 altera
1255 889 1329 930 illo
1353 892 1409 930 sit
1434 889 1497 930 lo·-

284 981 346 1008 co.
418 966 538 1007 Prius
574 965 828 1006 dilemmatis
878 964 1133 1017 disjunctum
1175 964 1492 1007 confutavimus

287 1044 402 1085 Sect.
432 1042 508 1084 lV.
552 1042 770 1084 Posterius
801 1052 886 1083 non
913 1042 1043 1093 inagis
1067 1050 1129 1081 est
1151 1040 1343 1083 firmum:
1370 1042 1494 1094 quip-

285 1134 339 1176 pe
362 1121 460 1162 haec
488 1119 593 1161 ratio
627 1121 817 1170 additur,
847 1117 1047 1174 cujusque
1084 1116 1343 1159 diversorum
1377 1132 1498 1160 mun-

283 1198 436 1240 dorum
461 1198 712 1238 mutationes
752 1195 888 1236 eodem
914 1193 1030 1236 modo
1056 1194 1307 1249 procedere,
1337 1196 1422 1236 sive
1450 1197 1500 1236 in

288 1277 363 1318 hoc
383 1277 554 1330 quisque
577 1274 630 1313 sit
657 1271 770 1322 loco,
796 1272 880 1312 sive
900 1271 948 1310 in
973 1269 1074 1312 alio.
1131 1270 1219 1310 Aut
1239 1280 1315 1322 ego
1340 1270 1495 1312 mirum

296 1350 342 1392 in
384 1349 553 1390 modum
591 1347 717 1387 hebes
754 1358 878 1396 sum,
922 1353 992 1385 aut
1028 1344 1127 1385 haec
1163 1344 1269 1385 ratio
1303 1332 1498 1387 vanitatis

297 1422 568 1466 convincitur
593 1433 641 1462 ex
669 1421 721 1462 iis
749 1420 884 1472 ipsis,
916 1431 1020 1472 quae
1060 1419 1105 1461 S.
1137 1418 1213 1462 IV.
1245 1420 1356 1463 dicta
1379 1430 1497 1464 sunt.

294 1498 353 1542 Et
378 1496 597 1551 profecto,
627 1504 674 1536 ut
698 1507 783 1536 non
807 1504 1041 1547 repugnat,
1075 1494 1112 1535 si
1153 1494 1304 1535 unicus
1337 1504 1402 1536 est
1431 1494 1499 1537 hic

294 1574 507 1622 mundus,
539 1583 631 1612 eum
666 1583 688 1612 a
722 1570 812 1611 Deo
849 1570 898 1610 ad
939 1567 1114 1610 nihilum
1152 1568 1310 1622 redigi,
1353 1579 1392 1611 et
1426 1582 1504 1611 no-

299 1662 399 1694 vum
435 1649 561 1691 alium
599 1647 832 1701 procreari;
865 1655 913 1687 ut
935 1646 1019 1687 duo
1047 1643 1132 1687 sint
1154 1645 1307 1688 Mundi
1339 1654 1504 1699 tempo-

298 1738 342 1769 re
365 1724 544 1777 diversi3
577 1724 632 1765 ita
666 1735 753 1766 non
787 1730 1019 1775 repugnat,
1053 1722 1158 1763 duos
1198 1734 1288 1764 esse
1313 1721 1505 1765 Mundos

295 1801 437 1852 spatio
480 1800 685 1842 diversos.
765 1797 910 1849 Itaque
947 1795 1214 1838 manifestum
1252 1808 1314 1839 est
1350 1796 1502 1840 vitium

294 1877 424 1930 hujus
447 1873 765 1919 conclusionis:
828 1903 854 1926 „
886 1875 932 1916 Si
954 1873 1142 1916 Mundus
1169 1886 1250 1916 esse
1269 1876 1413 1929 nequit
1437 1874 1505 1913 ni·

303 1985 330 2009 „
359 1957 394 1996 si
415 1956 588 2004 unicus,
621 1964 775 1994 necesse
808 1965 966 2007 quoque
987 1961 1076 2002 est,
1111 1953 1246 1994 Deum
1285 1962 1366 1991 non
1388 1961 1506 2007 posse

300 2059 329 2083 „
365 2041 445 2070 esse
466 2031 545 2069 m'st'
565 2029 748 2070 unicum.
781 2027 917 2083 Atque
941 2027 1131 2069 Mundus
1150 2028 1232 2067 m‘si
1258 2027 1404 2066 unicus
1427 2037 1508 2066 esse

304 2132 333 2156 „
362 2106 517 2158 nequit.
551 2101 670 2156 Ergo
694 2102 808 2143 Deus
831 2106 912 2145 m'si
927 2105 1074 2144 unicus
1097 2114 1180 2143 esse
1203 2099 1395 2156 nequit.'’
1427 2100 1470 2140 N
1473 2101 1509 2141 i·

305 2181 456 2222 mirum
482 2190 520 2219 et
543 2179 787 2221 antecedens
820 2178 970 2220 falsum
998 2189 1085 2221 cst:
1117 2189 1155 2219 et
1179 2178 1213 2219 si
1241 2180 1304 2219 vel
1330 2176 1506 2219 maxime

303 2265 447 2298 verum
474 2265 605 2304 esset,
636 2265 901 2306 consequens
927 2265 1063 2296 tamen
1093 2266 1140 2297 ex
1176 2266 1226 2296 eo
1261 2266 1348 2296 non
1378 2252 1510 2295 effice·

303 2343 430 2375 retur.
490 2330 591 2372 Non
622 2331 913 2383 movebimus,
948 2331 1065 2383 quod
1098 2330 1292 2384 adjicitur
1317 2344 1338 2372 a
1363 2342 1509 2371 won-

307 2420 333 2450 Ρ
352 2421 436 2458 10,
469 2406 602 2447 Deum
638 2422 717 2449 non
749 2408 920 2461 decere,
963 2408 1106 2463 plures
1130 2407 1313 2449 ,Mundos
1334 2417 1511 2448 crearet

320 2483 480 2537 quippe
514 2495 601 2527 non
633 2493 697 2526 est
727 2487 1001 2542 conjunctum
1023 2497 1118 2529 cum
1151 2485 1226 2529 hac
1250 2483 1508 2540 quaestione.

1434 2559 1518 2602 Ce-
