1693 3110
275 187 352 227 114
437 170 907 221 PROLEGOMENA
935 184 998 217 EX
1028 172 1321 223 EDITIONE

276 311 362 354 que
383 297 609 341 servaverit
634 297 657 339 a
681 296 891 351 Corporis
913 297 1230 350 voluptatibus.
1292 300 1380 356 Qui
1402 311 1504 345 vero

274 376 320 418 in
343 375 422 416 hae
449 373 537 415 vita
574 372 759 426 Corpori
787 371 1023 415 servierunt
1045 373 1225 428 eJ'usque
1249 375 1506 429 contagione

274 450 413 492 affecti
437 459 567 501 sunt,
599 448 644 491 hi
669 458 770 503 post
795 459 969 493 mortem
996 450 1076 492 alia
1102 459 1311 503 quaerunt
1334 451 1507 506 Corpo-

274 539 318 568 ra
344 526 388 568 in
412 525 571 579 quibus
594 527 734 569 denuo
759 526 1040 570 nascantur.”

334 605 443 657 Arg.
470 603 547 647 Vt„
580 606 679 658 (ed.
712 615 850 648 nostr.
883 607 927 658 §.
951 605 1006 660 λζ
1025 628 1076 639 -
1092 606 1173 660 μζ,
1204 618 1250 659 p.
1272 607 1323 660 48
1347 631 1405 637 -—
1426 605 1510 647 62:

282 680 488 735 Lugduu.
521 683 627 735 388,
659 681 709 724 B.
739 705 795 712 -
827 694 937 734 392,
970 680 1069 732 C.)
1130 710 1156 730 „
1186 680 1316 734 Quod
1349 679 1385 721 si
1410 691 1513 721 vero

280 755 380 808 quis
400 757 508 799 hanc
526 757 769 809 opinionem
790 759 898 798 tueri
921 756 1047 808 velit,
1075 756 1281 798 Animum
1304 769 1386 798 esse
1408 757 1516 797 har·

280 833 468 874 moniam
489 860 504 882 ,
534 841 575 872 et
600 830 818 883 cogitandi
840 830 926 872 vim
956 842 1050 872 esse
1085 829 1297 884 Corporis
1333 829 1515 881 qualita-

282 917 368 951 tem
385 938 401 960 ,
434 919 540 960 quae
569 908 730 949 oriatur
751 919 800 948 ex
817 908 938 962 Justo
963 914 1290 959 temperamento
1317 904 1511 948 humoris

285 993 329 1026 et
368 983 605 1034 siccitatis,
637 983 791 1025 caloris
824 992 865 1026 et
896 981 1098 1036 frigoris3
1133 981 1235 1022 huic
1273 981 1330 1022 ita
1365 991 1518 1023 occur-

282 1061 423 1112 ritur,
454 1069 501 1102 ut
525 1061 799 1112 ostendatur,
831 1059 906 1101 tali
934 1066 1262 1112 temperamento
1293 1057 1514 1099 sanitatem

289 1137 459 1188 quidem
484 1137 695 1188 Corporis
719 1137 857 1189 effici3
897 1136 1107 1190 cogitatio
1131 1145 1267 1176 autem
1295 1133 1518 1186 quomodo

286 1213 390 1255 hinc
414 1212 645 1264 efficiatur,
665 1213 846 1266 intelligi
867 1225 952 1254 non
977 1224 1131 1264 posse:
1155 1221 1386 1263 repugnare
1410 1220 1518 1260 quo-

292 1300 378 1340 que
398 1287 618 1330 communi
641 1287 946 1340 experientiae,
963 1285 1265 1340 cogitationem
1286 1283 1520 1326 consistere

288 1362 336 1405 in
362 1363 436 1404 tali
458 1372 789 1417 temperamento
822 1372 862 1404 et
885 1363 1136 1415 harmoniz'i3
1170 1361 1331 1415 quippe
1354 1360 1396 1402 in
1423 1361 1521 1414 plu-

292 1441 501 1482 rimorum
543 1439 765 1481 hominum
811 1437 1069 1492 cogitatione
1100 1436 1246 1490 potius
1282 1435 1528 1488 discrepan-

293 1514 392 1557 tiam
421 1525 547 1567 quam
573 1513 833 1556 harmoniam
858 1512 1045 1556 inesse.”

351 1592 458 1645 Arg.
491 1589 591 1632 VII.
623 1589 725 1642 (ed.
757 1599 896 1633 nostr.
925 1591 987 1645 μζ
1009 1610 1063 1624 ·—
1091 1590 1160 1640 νθ,
1191 1600 1238 1642 p·
1269 1591 1323 1632 62
1353 1609 1408 1620 -
1441 1592 1518 1635 80:

292 1664 441 1720 Lugd.
476 1677 520 1719 p.
548 1676 657 1719 394,
688 1665 746 1708 C.
782 1689 836 1697 —
870 1667 984 1720 396,
1013 1664 1113 1721 G.)
1161 1694 1188 1718 „
1216 1664 1284 1707 Ne
1306 1678 1406 1707 vero
1431 1665 1527 1718 quis

292 1742 343 1785 :in
368 1753 453 1783 eam
478 1740 721 1793 opinionem
752 1740 974 1783 inducatur
989 1771 1004 1792 ‚
1037 1751 1084 1782 ut
1106 1750 1226 1794 putet
1245 1741 1335 1782 fore
1355 1751 1404 1783 ut
1426 1741 1531 1784 Ani-

297 1830 423 1868 mus⁹
441 1816 635 1869 quamvis
649 1816 930 1869 praestantior
953 1818 1150 1870 Corpore
1165 1829 1280 1868 ⁹non
1305 1826 1440 1859 tamen
1462 1817 1529 1859 ni·

296 1895 337 1936 si
375 1893 620 1935 diuturnior
651 1905 730 1944 eo,
774 1904 849 1935 nec
884 1893 976 1946 ipse
1013 1893 1294 1945 sempiternus
1334 1892 1419 1944 sit,
1451 1892 1526 1934 sed

295 1969 450 2012 multis
477 1969 674 2021 deinceps
699 1968 802 2011 vitis
826 1979 873 2011 ac
897 1981 971 2022 per
992 1980 1172 2021 corpora
1199 1968 1528 2021 migrationibus

295 2044 581 2099 defatigetur,
615 2044 723 2086 vires
757 2045 920 2087 amittat
958 2057 1093 2096 suas,
1125 2057 1171 2085 ac
1195 2044 1374 2096 denique
1398 2043 1528 2084 inter-

296 2130 364 2162 eat
398 2128 438 2161 et
469 2120 787 2174 exstinguatur3
820 2120 1232 2163 animadvertendum
1258 2128 1347 2171 est,
1379 2118 1530 2162 Animi

295 2197 483 2239 eamdem
523 2208 617 2238 esse
641 2206 832 2239 naturam
857 2207 904 2238 ac
930 2207 1064 2238 rerum
1092 2195 1452 2250 intelligibilium,
1484 2194 1530 2238 id

292 2281 360 2314 est
377 2302 393 2325 a
442 2270 633 2315 ldearum
674 2283 803 2325 atque
847 2272 1160 2314 Essentiarum.
1234 2271 1342 2313 Nam
1379 2282 1427 2313 ut
1460 2283 1527 2314 res

307 2349 512 2400 quaedam
538 2349 595 2390 sit
622 2348 798 2400 pulcra,
830 2346 1061 2401 requiritur
1086 2349 1387 2400 pulcritudinis
1412 2359 1527 2402 prae·

301 2425 463 2467 sentiat
503 2434 551 2466 ut
579 2425 710 2466 calida
748 2424 806 2467 sit
839 2437 936 2477 res,
969 2424 1199 2477 requiritur
1232 2424 1384 2466 caloris
1408 2436 1531 2478 prae-

296 2499 459 2543 sentia:
487 2508 533 2544 ut
562 2500 742 2548 animata
769 2501 825 2546 sit
852 2514 919 2548 res
941 2510 982 2544 et
1004 2500 1117 2547 vivat
1131 2529 1150 2556 ,
1171 2499 1400 2554 requiritur
1420 2497 1528 2540 Ani·

1458 2586 1520 2622 uu
