1693 3110
214 177 320 218 410-
519 156 1125 204 DISPUTATIO

218 294 348 337 funt,
379 291 419 325 et
452 270 832 319 demonstrationes
867 275 1124 318 necessarias
1153 275 1236 329 ipsi
1258 277 1346 320 suis
1368 278 1435 323 in.

215 360 351 413 geniis
388 363 628 405 expromere
669 352 812 393 conati
850 360 969 397 suun
1027 351 1146 408 Quae
1171 353 1429 399 demonstra-

216 435 356 475 tiones
393 442 517 482 quam
552 429 730 471 habeant
763 430 954 482 laudem,
996 439 1142 482 postea
1177 429 1432 478 videbimus.

216 509 344 554 Nunc
383 508 463 548 hoc
498 518 628 548 unum
659 507 892 558 volumus,
918 505 1235 559 philosophos,
1261 506 1336 559 qui
1367 507 1439 553 his,

215 595 256 626 et
283 582 560 636 sequentibus
584 560 851 641 temporibus
878 583 927 624 de
954 582 1094 624 divina
1121 580 1286 625 Natura
1305 595 1437 635 expo.

221 668 398 702 suerunt
414 690 429 712 ,
462 657 684 711 copiosius
713 660 764 699 de
784 656 960 699 Unitate
985 658 1186 699 disserere
1210 658 1431 711 coepisse3

214 747 302 778 non
347 735 464 788 quod
495 734 672 777 certiora
706 735 973 786 firmioraque
1004 743 1275 787 argumenta,
1308 746 1435 786 quam

212 821 405 864 veteres,
441 811 601 854 adferre
627 816 833 864 possent;
866 811 941 853 sed
976 822 1026 852 ne
1058 811 1109 853 de
1133 811 1360 865 praecipuo
1383 811 1437 852 il-

212 889 298 931 lius
332 889 549 933 doctrinae
598 888 764 940 capite,
806 897 878 930 aut
923 886 1139 939 tacuisse,
1182 895 1255 929 aut
1298 886 1435 930 obiter

208 966 450 1020 prodidisse
477 964 734 1007 viderentur.

263 1043 474 1094 Equidem
512 1043 624 1083 haud
659 1042 844 1095 ignoro,
886 1052 979 1087 esse
1014 1040 1087 1093 qui
1122 1039 1191 1081 his
1223 1039 1274 1081 de
1307 1037 1433 1081 rebus

211 1121 395 1166 neminis
445 1121 699 1174 cuiusquam
739 1131 916 1172 eorum,
956 1119 1031 1171 qui
1070 1128 1171 1172 post
1207 1118 1434 1161 Christum

208 1210 355 1244 natum
402 1199 625 1250 vixerunt,
669 1197 926 1251 scriptorum
976 1194 1263 1238 testimonium
1298 1196 1435 1241 valere

217 1277 506 1327 contendant3
548 1275 708 1326 quippe
745 1273 956 1325 quidquid
989 1272 1093 1312 bene
1117 1272 1275 1312 dictum
1303 1270 1359 1313 sit
1381 1272 1433 1314 de

210 1354 354 1399 divina
379 1352 570 1402 Natura,
604 1350 806 1404 religione
822 1379 838 1401 ‚
868 1351 1057 1400 virtute,
1085 1348 1127 1390 id
1151 1360 1201 1389 ex
1225 1348 1346 1390 libris
1369 1347 1432 1390 N.

207 1432 267 1474 Τ.
291 1430 484 1471 fluxisse.
545 1427 671 1481 Quos
700 1439 777 1479 ego
804 1425 1028 1477 homines,
1059 1424 1139 1466 etsi
1166 1436 1299 1476 pauca
1326 1423 1435 1465 affir-

207 1519 307 1558 mo,
353 1515 491 1547 tamen
536 1505 586 1544 ab
639 1502 904 1554 antiquitatis
940 1511 1024 1541 usu
1055 1511 1232 1553 prorsus
1273 1499 1434 1542 alienos

206 1597 302 1628 esse
342 1583 517 1625 affirmo.
577 1580 763 1622 Primum
794 1579 874 1620 hoc
904 1587 1054 1618 temere
1078 1584 1283 1627 sumunt,
1315 1576 1433 1628 quod

206 1660 387 1715 probare
422 1665 667 1710 nequeunt,
700 1653 924 1707 Evangelii
959 1652 1222 1703 doctrinam,
1266 1659 1311 1692 ut
1346 1650 1434 1704 pri-

207 1751 326 1781 mum
364 1737 415 1779 ab
444 1734 668 1787 Apostolis
701 1740 814 1775 extra
844 1729 1121 1772 Palaestinam
1156 1727 1313 1770 differri
1337 1739 1435 1770 coe·

207 1817 303 1872 pit,
346 1815 403 1856 ita
437 1811 650 1855 continuo
683 1810 734 1850 ad
770 1807 958 1849 omnium
1003 1805 1198 1846 notitiam
1223 1803 1437 1846 dimanas-

207 1907 281 1944 se,
313 1892 491 1946 ejusque
518 1897 769 1940 magnopere
794 1885 980 1936 aliquam
1017 1882 1218 1925 rationem
1243 1881 1429 1923 habitam

206 1971 345 2014 fuisse
375 1968 425 2008 ab
458 1965 703 2009 hominibus
728 1962 866 2005 doctis
894 1971 934 2003 et
959 1958 1254 2014 philosophis.
1317 1957 1426 2008 Sed,

208 2057 266 2093 ut
294 2047 374 2087 hoc
409 2044 461 2085 iis
497 2042 671 2090 demus,
704 2037 807 2091 quid
842 2046 906 2078 est
944 2036 985 2077 in
1031 2035 1186 2076 Seneca
1211 2063 1226 2084 ,
1269 2032 1431 2074 Plutar-

212 2123 323 2174 cho,
355 2129 395 2161 et
420 2117 672 2171 aequalibus
695 2146 710 2167 ,
742 2115 847 2167 quin
872 2113 981 2175 idern·
999 2110 1065 2151 vel
1090 2108 1313 2151 docuerint
1335 2107 1434 2160 phi-

210 2196 387 2250 losophi
422 2206 517 2237 ante
553 2194 776 2236 Christum
816 2201 990 2241 natum,
1023 2189 1086 2230 vel
1112 2199 1160 2228 ex
1189 2198 1331 2227 eorum
1358 2186 1435 2226 do-

211 2276 346 2321 ctrina
371 2273 487 2315 nasci
522 2270 742 2324 potuerit?
805 2268 935 2323 Quod
967 2265 1003 2308 si
1029 2266 1182 2306 Seneca
1207 2273 1246 2304 et
1271 2262 1434 2304 Plutar-

212 2354 321 2395 chus
357 2350 559 2403 legissent
584 2347 718 2388 libros
750 2349 806 2389 V.
833 2356 872 2386 et
898 2343 957 2386 N.
983 2341 1072 2393 T.;
1117 2347 1256 2382 <ssent
1290 2332 1433 2386 Ps0fss·

212 2441 283 2475 cto
325 2429 370 2469 in
413 2437 553 2468 eornm
596 2423 770 2475 scriptis
808 2431 1004 2473 expressa
1042 2412 1217 2465 vestigia
1250 2411 1340 2465 ejus
1373 2411 1434 2452 le·

215 2502 394 2553 ctionis,
453 2500 582 2549 Nunc
608 2499 723 2547 nulla
761 2505 938 2554 prorsus
974 2497 1092 2536 sunt.
1152 2486 1287 2543 lgitur
1311 2483 1438 2526 Vete-

1364 2569 1431 2603 res
