1693 3110
273 201 366 256 318.
576 197 616 240 1)
646 197 666 240 1
695 195 723 239 g
752 192 786 230 1>
814 193 859 230 t]
884 184 927 230 1?
954 189 997 232 bi
1025 188 1074 231 1?
1094 188 1115 232 1
1143 187 1184 233 (3

271 314 487 375 priticipio
509 299 837 366 repugnantiae,
871 323 957 364 quo
979 309 1156 352 efficitur
1192 317 1240 352 ut
1270 314 1503 371 quaelibet„

264 405 336 439 ‘res
358 394 415 435 sit
442 403 523 432 una
548 389 647 429 haet
675 399 766 437 res,
802 398 906 439 quae
926 396 1019 436 est,
1053 398 1191 438 neque
1212 387 1292 430 alia
1314 398 1355 430 et
1383 391 1490 443 plu-.

270 483 366 514 res:
413 477 550 517 neque
583 475 679 505 vero
713 463 813 504 haec
847 471 911 504 est
944 474 988 504 ea
1026 462 1195 514 unitas,
1239 476 1366 516 quam
1399 465 1482 509 hoc

268 548 367 588 loco
396 539 653 596 quaerimus,
714 539 875 582 Deinde
898 537 1037 580 Unum
1063 537 1220 580 dicitur
1242 540 1377 592 illud,
1410 551 1498 582 cu-.

268 623 339 677 jus
373 630 521 662 omnes
561 625 699 669 partes
736 616 903 669 penitus
935 616 1118 666 coeunt,
1149 624 1196 659 ut
1218 627 1357 657 earum
1389 617 1489 659 nul*

269 700 309 741 la
343 697 519 739 varietas
548 692 634 744 sit,
667 704 790 745 quam
828 692 1028 733 unitatem
1066 691 1240 733 maxime
1273 692 1315 734 in
1341 692 1481 736 Deum

269 774 413 816 cadere
439 770 637 812 Veterum
672 767 1058 820 Recentiorumque
1085 778 1340 810 monuerunt
1370 769 1485 812 haud

269 849 414 904 pauci.

328 924 442 966 Tum
473 918 717 964 enunciatio
750 918 808 962 ita
833 925 973 971 potest
998 918 1162 970 accipi:
1195 919 1399 963 mundum
1422 919 1490 964 fa.

269 1013 387 1049 ctum
423 1012 544 1051 esse,
586 1011 625 1043 s.
658 997 816 1039 moveri
850 1010 897 1039 ac
937 997 1188 1050 gubernari,
1221 1011 1307 1041 non
1340 1012 1363 1041 a
1387 999 1491 1042 dua-

271 1081 385 1131 bus,
427 1077 595 1128 tribus,
640 1073 891 1129 pluribusve
936 1075 1108 1117 caussis
1145 1075 1486 1130 intelligentibus

273 1164 400 1207 atque
431 1153 639 1205 aeternis,
671 1152 744 1194 sed
771 1152 821 1194 ab
849 1165 960 1205 una3
993 1162 1040 1193 ut
1073 1165 1158 1195 non
1187 1153 1307 1194 etiam
1333 1163 1491 1195 statua-

274 1241 372 1284 tur,
408 1241 546 1273 utrum
581 1231 723 1283 plures
758 1240 917 1282 praeter
953 1230 1059 1271 hanc
1088 1230 1293 1283 eJusmodi
1318 1240 1495 1272 naturae

274 1310 364 1353 sint
389 1309 453 1350 vel
488 1316 579 1348 esse
603 1306 786 1358 possint.
847 1305 976 1346 Porro
1011 1305 1066 1346 ita
1101 1306 1362 1358 interpretari
1392 1319 1494 1358 pos·
1529 1288 1540 1295 „

274 1396 425 1427 sumus
451 1382 788 1424 enunciationem
806 1413 821 1433 ‚
855 1392 902 1422 ut
923 1382 1014 1436 ejus
1039 1381 1123 1423 vim
1153 1382 1204 1423 ad
1227 1383 1492 1426 existentiam

244 1460 529 1510 ,referamus‚
563 1466 724 1510 praeter
746 1457 879 1499 Deum
899 1487 913 1508 ‚
947 1457 1021 1509 qui
1052 1456 1165 1498 hunc
1202 1459 1405 1500 mundum
1432 1457 1497 1501 fe·

274 1537 410 1587 cerit,
441 1536 601 1577 nuliam
633 1535 751 1576 aliam
777 1546 870 1576 esse
891 1535 1097 1588 eJ'usmodi
1120 1534 1322 1578 Naturam
1340 1568 1356 1588 ‚
1386 1551 1491 1591 seu,

270 1627 321 1657 ut
351 1611 582 1655 Dialectiee
613 1611 796 1663 loquar,
831 1623 882 1652 ex
916 1621 1074 1664 genere
1106 1610 1294 1652 Deorum
1319 1616 1491 1656 unicum

272 1692 451 1733 existere
486 1685 770 1730 individuum.
838 1685 1033 1738 Denique
1078 1686 1144 1728 vis
1179 1689 1493 1732 enunciationis

271 1768 408 1820 ipsam
456 1762 789 1817 possibilitatem
827 1762 1055 1815 complecti
1098 1771 1269 1815 potest3
1313 1773 1361 1804 ut
1391 1764 1492 1808 haec

273 1844 330 1887 s'it
360 1842 594 1893 sententia,
636 1850 795 1893 praeter
829 1840 994 1892 Deum,
1028 1840 1101 1893 qui
1140 1841 1253 1883 hunc
1286 1845 1490 1886 mundum

278 1921 456 1970 fecerit,
497 1930 732 1972 repugnare
766 1929 814 1959 ut
852 1918 929 1960 alia
962 1918 1020 1959 sit
1053 1918 1261 1972 ejusmodi
1296 1919 1491 1972 Natura3

275 2004 350 2041 seu
383 2007 429 2038 ut
458 1996 563 2037 idem
595 1994 825 2036 Dialectice
862 1996 1081 2047 dicamus,
1123 2009 1178 2037 ex
1207 2009 1362 2049 genere
1384 1995 1498 2038 Deo-

274 2078 370 2117 mm
401 2077 571 2114 ameum
609 2083 690 2112 csse
720 2071 914 2125 possibile
950 2071 1248 2123 individuum,
1280 2081 1319 2112 et
1358 2084 1493 2126 quae,

275 2152 439 2206 'praeter
466 2160 626 2200 unum,
660 2147 920 2199 cogitatione
962 2148 1274 2200 informentur,
1305 2161 1397 2192 esse
1431 2163 1493 2193 re.

275 2219 524 2280 pugnantia.
582 2223 725 2265 Nobis
750 2223 792 2265 in
816 2233 1155 2277 argumentorum
1185 2223 1495 2277 disceptatione

274 2304 382 2343 ratio
430 2301 615 2342 habenda
651 2301 729 2342 erit
786 2302 1068 2354 posteriorum
1115 2297 1491 2349 emundationum,

277 2382 455 2425 maxime
491 2389 661 2432 quartae
696 2388 736 2421 et
773 2381 959 2432 quintae.
1018 2378 1111 2415 Hoc
1146 2373 1268 2414 etiam
1300 2373 1342 2415 in
1379 2383 1494 2414 ante-

277 2466 447 2497 cessum
496 2467 743 2508 monemus,
795 2451 1040 2495 nominibus
1086 2449 1244 2491 Unicus
1288 2460 1327 2490 et
1374 2449 1492 2490 Unus

279 2544 535 2588 quamquam
567 2532 728 2586 aliquid
752 2529 964 2577 varietatis
999 2527 1234 2583 adjunxerit
1261 2526 1367 2569 vitae
1391 2535 1496 2564 con-

1409 2609 1505 2645 sue<
