1693 3110
355 214 458 257 DE
528 208 1214 273 UNiTATE-Dut.
1316 220 1400 265 379

186 337 365 391 suetudo
391 335 504 389 apud
528 334 747 377 Romanos
763 363 778 386 ,
804 342 939 375 tamen
963 332 1006 375 in
1029 331 1270 385 disciplinis
1297 343 1394 375 ean.

187 414 278 471 dem
307 412 434 453 tribui
459 411 561 454 vim.
623 410 669 451 In
695 422 777 461 qua
802 410 837 451 si
866 410 969 463 quid
994 409 1284 462 mutabimus,
1317 421 1398 458 suo

189 487 391 542 quodque
419 486 518 529 loco
548 483 832 528 monebimus.

572 637 885 683 PARS
986 637 1022 682 Ι.

221 792 335 848 3Jam
367 793 550 846 primum
588 792 775 834 omnium
818 798 1020 841 constat,
1062 789 1267 841 Veteres,
1311 801 1413 835 cum

191 867 422 920 loquantur
441 869 491 910 de
521 867 670 908 multis
698 866 909 918 variisque
935 865 1217 917 numinibus,
1246 877 1296 906 ex
1324 877 1410 917 po·

194 945 332 997 pulari
356 946 475 997 loqui
500 944 730 999 opinione:
761 956 856 984 cum
883 955 982 985 vero
1008 954 1124 985 suam
1151 941 1233 994 ipsi
1258 953 1307 982 ex
1327 938 1417 982 ani-

196 1032 270 1062 mo
315 1019 539 1072 proferunt
588 1020 865 1072 sententiam,
908 1029 1000 1062 tum
1047 1031 1146 1060 vero
1183 1017 1241 1058 ita
1275 1017 1326 1058 ab
1363 1016 1418 1056 iis

195 1095 497 1149 pronunciari,
539 1104 587 1136 ut
621 1104 844 1148 appareat,
886 1107 960 1138 eos
1003 1094 1236 1143 statuisse,
1279 1094 1413 1134 Deum

198 1171 366 1224 quidem
405 1182 647 1224 supremum
695 1171 883 1213 omnium
924 1182 1058 1211 rerum
1092 1167 1330 1209 effectorem
1367 1178 1415 1208 ac

200 1247 550 1300 gubernatorem,
582 1258 669 1289 non
693 1258 786 1288 esse
815 1246 899 1288 nisi
931 1257 1078 1288 unum.
1140 1244 1293 1296 Neque
1319 1254 1421 1285 vero

199 1330 313 1373 erat,
346 1322 461 1373 quod
487 1321 593 1374 ipsis
620 1333 762 1365 eorum
791 1320 1047 1363 testimoniis
1073 1320 1419 1372 comprobarem,

196 1395 309 1438 illam
354 1395 404 1439 iis
435 1396 646 1450 placuisse
680 1397 960 1451 sententiam3
1003 1396 1087 1440 nisi
1128 1406 1266 1438 essent
1310 1395 1423 1437 haud

197 1470 353 1525 pauci,
396 1472 472 1524 qui
509 1474 590 1516 hoc
638 1473 681 1515 in
732 1473 909 1516 dubium
959 1482 1177 1515 vocarent.
1248 1470 1421 1526 Quibus

195 1559 293 1588 cum
337 1549 638 1598 respondetur,
687 1550 778 1602 ejus
835 1548 1068 1590 sententiae
1115 1547 1296 1601 vestigia
1346 1558 1420 1598 per-

195 1632 331 1666 totam
364 1620 563 1661 Veterum
606 1621 838 1664 doctrinam
874 1634 1071 1675 expressa
1112 1634 1203 1664 esse
1243 1621 1421 1664 manife-

199 1709 294 1750 sta;
343 1697 407 1737 illi
439 1697 561 1737 locos
599 1697 850 1750 requirunt,
885 1697 958 1738 ubi
991 1697 1073 1743 hoc
1106 1698 1275 1740 disertis
1307 1697 1424 1740 dica.

202 1782 273 1815 tur
297 1772 452 1815 verbis.
514 1772 624 1814 Cum
658 1772 904 1815 adferuntur
930 1773 1043 1826 loci,
1075 1774 1155 1816 hos
1181 1774 1243 1816 illi
1283 1774 1425 1816 conti·

208 1860 297 1891 nuo
319 1848 634 1889 calumniantur
657 1847 995 1901 interpretando,
1024 1861 1162 1902 neque
1185 1848 1349 1900 aliquid
1372 1860 1424 1892 ex

202 1924 259 1967 iis
285 1923 389 1965 effici
417 1924 586 1965 volunt.
647 1922 742 1978 Qua
767 1923 937 1977 quide-m
958 1924 1236 1965 contentione
1261 1934 1301 1965 et
1326 1936 1423 1976 par·

202 1999 309 2042 tium
363 1998 551 2041 studium
598 1998 783 2051 produnt
825 2007 865 2051 et
914 1998 1182 2049 antiquitatis
1228 1997 1425 2051 ignoran-

206 2076 327 2125 tiam.
398 2074 561 2119 Horum
616 2074 688 2116 alii
726 2085 888 2119 omnem
929 2072 1250 2126 Philosophiam
1286 2086 1424 2126 repre-

161 2192 167 2194 .
204 2151 427 2203 hendunt,
461 2159 509 2192 ut
546 2151 767 2192 revelatam
804 2147 1046 2202 religionem
1085 2148 1316 2191 extollant:
1351 2147 1424 2190 alii

204 2238 386 2268 veterem
419 2225 740 2278 Philosophiam
778 2225 1019 2277 exagitant,
1062 2234 1109 2266 ut
1159 2225 1431 2267 recendetem

207 2301 398 2343 laudent.
457 2304 515 2344 At
551 2314 650 2344 vero
686 2310 834 2344 contra
867 2312 913 2342 se
945 2312 1008 2342 res
1043 2299 1196 2352 habet;
1230 2299 1423 2341 doctrina

213 2377 322 2419 enim
359 2390 551 2430 quaeque
597 2391 672 2420 sua
718 2390 762 2420 se
797 2376 1083 2431 praestantia,
1130 2388 1217 2418 non
1255 2376 1429 2419 aliarum

206 2451 426 2505 vituperio
448 2453 555 2494 tueri
586 2454 723 2495 debet.
784 2452 920 2506 Igitur
945 2460 984 2492 et
1007 2451 1128 2505 Vos,
1160 2451 1219 2494 V.
1242 2451 1296 2494 V.
1324 2451 1429 2502 CL,

215 2537 329 2575 tecte
357 2537 398 2575 et
426 2541 504 2583 pro
536 2539 672 2578 vestra
697 2528 858 2577 fecistis
877 2528 1128 2586 prudentia,
1160 2528 1276 2584 quod
1299 2537 1435 2580 [κω-.-

1359 2599 1439 2649 lie-
