<?xml version="1.0" encoding="UTF-8"?>
<!DOCTYPE html PUBLIC "-//W3C//DTD XHTML 1.0 Transitional//EN"
    "http://www.w3.org/TR/xhtml1/DTD/xhtml1-transitional.dtd">
<html xmlns="http://www.w3.org/1999/xhtml" xml:lang="en" lang="en">
 <head>
  <title>
</title>
<meta http-equiv="Content-Type" content="text/html;charset=utf-8" />
  <meta name='ocr-system' content='tesseract 3.04.00' />
  <meta name='ocr-capabilities' content='ocr_page ocr_carea ocr_par ocr_line ocrx_word'/>
</head>
<body>
  <div class='ocr_page' id='page_1' title='image "./opusculavariiarg02wytt/opusculavariiarg02wytt_0224.png"; bbox 0 0 1693 3110; ppageno 0'>
   <div class='ocr_carea' id='block_1_1' title="bbox 222 131 1084 190">
    <p class='ocr_par' dir='ltr' id='par_1_1' title="bbox 222 131 1084 190">
     <span class='ocr_line' id='line_1_1' title="bbox 222 131 1084 190; baseline -0.009 1"><span class='ocrx_word' id='word_1_1' title='bbox 222 144 340 190; x_wconf 57' lang='lat'>&#39;258‘</span> <span class='ocrx_word' id='word_1_2' title='bbox 595 131 1084 185; x_wconf 77' lang='lat' dir='ltr'>EPISTOLA</span> 
     </span>
    </p>
   </div>
   <div class='ocr_carea' id='block_1_2' title="bbox 230 257 1489 2462">
    <p class='ocr_par' dir='ltr' id='par_1_2' title="bbox 231 257 1436 320">
     <span class='ocr_line' id='line_1_2' title="bbox 231 257 1436 320; baseline -0.008 -6"><span class='ocrx_word' id='word_1_3' title='bbox 231 270 425 320; x_wconf 68' lang='lat' dir='ltr'>exemplo</span> <span class='ocrx_word' id='word_1_4' title='bbox 445 262 666 309; x_wconf 87' lang='lat' dir='ltr'>Ciceronis</span> <span class='ocrx_word' id='word_1_5' title='bbox 682 289 698 311; x_wconf 81' lang='lat'><strong>,</strong></span> <span class='ocrx_word' id='word_1_6' title='bbox 729 271 817 302; x_wconf 91' lang='lat' dir='ltr'>non</span> <span class='ocrx_word' id='word_1_7' title='bbox 840 257 948 301; x_wconf 88' lang='lat' dir='ltr'>vidit</span> <span class='ocrx_word' id='word_1_8' title='bbox 971 271 1034 300; x_wconf 91' lang='lat' dir='ltr'>res</span> <span class='ocrx_word' id='word_1_9' title='bbox 1058 270 1235 312; x_wconf 85' lang='lat' dir='ltr'>prorsus</span> <span class='ocrx_word' id='word_1_10' title='bbox 1261 267 1354 304; x_wconf 81' lang='lat' dir='ltr'>esse</span> <span class='ocrx_word' id='word_1_11' title='bbox 1373 262 1436 305; x_wconf 80' lang='lat' dir='ltr'>di-</span> 
     </span>
    </p>

    <p class='ocr_par' dir='ltr' id='par_1_3' title="bbox 230 336 1444 394">
     <span class='ocr_line' id='line_1_3' title="bbox 230 336 1444 394; baseline -0.004 -6"><span class='ocrx_word' id='word_1_12' title='bbox 230 358 402 388; x_wconf 80' lang='lat' dir='ltr'>versas:</span> <span class='ocrx_word' id='word_1_13' title='bbox 436 342 683 383; x_wconf 85' lang='lat' dir='ltr'>Ciceronem</span> <span class='ocrx_word' id='word_1_14' title='bbox 718 336 897 388; x_wconf 87' lang='lat' dir='ltr'>primum</span> <span class='ocrx_word' id='word_1_15' title='bbox 922 336 1074 377; x_wconf 83' lang='lat' dir='ltr'>diserte</span> <span class='ocrx_word' id='word_1_16' title='bbox 1093 337 1141 378; x_wconf 88' lang='lat' dir='ltr'>de</span> <span class='ocrx_word' id='word_1_17' title='bbox 1164 337 1444 394; x_wconf 69' lang='lat' dir='ltr'>Philosophia</span> 
     </span>
    </p>

    <p class='ocr_par' dir='ltr' id='par_1_4' title="bbox 231 413 1472 1302">
     <span class='ocr_line' id='line_1_4' title="bbox 231 413 1448 467; baseline -0.004 -3"><span class='ocrx_word' id='word_1_18' title='bbox 231 421 511 466; x_wconf 84' lang='lat' dir='ltr'>scribentem,</span> <span class='ocrx_word' id='word_1_19' title='bbox 544 414 701 464; x_wconf 83' lang='lat' dir='ltr'>verba,</span> <span class='ocrx_word' id='word_1_20' title='bbox 745 424 851 464; x_wconf 88' lang='lat' dir='ltr'>quae</span> <span class='ocrx_word' id='word_1_21' title='bbox 881 413 1069 454; x_wconf 89' lang='lat' dir='ltr'>nondum</span> <span class='ocrx_word' id='word_1_22' title='bbox 1107 426 1251 467; x_wconf 84' lang='lat' dir='ltr'>erant,</span> <span class='ocrx_word' id='word_1_23' title='bbox 1295 416 1448 460; x_wconf 88' lang='lat' dir='ltr'>Latina</span> 
     </span>
     <span class='ocr_line' id='line_1_5' title="bbox 235 489 1448 544; baseline 0 -5"><span class='ocrx_word' id='word_1_24' title='bbox 235 498 285 539; x_wconf 89' lang='lat' dir='ltr'>de</span> <span class='ocrx_word' id='word_1_25' title='bbox 322 491 496 537; x_wconf 86' lang='lat' dir='ltr'>Graecis</span> <span class='ocrx_word' id='word_1_26' title='bbox 532 491 716 543; x_wconf 86' lang='lat' dir='ltr'>fecisse,</span> <span class='ocrx_word' id='word_1_27' title='bbox 752 489 893 544; x_wconf 84' lang='lat' dir='ltr'>itaque</span> <span class='ocrx_word' id='word_1_28' title='bbox 924 491 987 533; x_wconf 84' lang='lat' dir='ltr'>res</span> <span class='ocrx_word' id='word_1_29' title='bbox 1013 493 1151 535; x_wconf 86' lang='lat' dir='ltr'>verbis</span> <span class='ocrx_word' id='word_1_30' title='bbox 1186 492 1448 539; x_wconf 72' lang='lat' dir='ltr'>illustrassez</span> 
     </span>
     <span class='ocr_line' id='line_1_6' title="bbox 233 569 1451 622; baseline 0.002 -8"><span class='ocrx_word' id='word_1_31' title='bbox 233 572 437 618; x_wconf 85' lang='lat' dir='ltr'>Kantium</span> <span class='ocrx_word' id='word_1_32' title='bbox 460 579 626 613; x_wconf 88' lang='lat' dir='ltr'>nactum</span> <span class='ocrx_word' id='word_1_33' title='bbox 652 571 836 622; x_wconf 78' lang='lat' dir='ltr'>linguam</span> <span class='ocrx_word' id='word_1_34' title='bbox 861 569 1152 612; x_wconf 81' lang='lat' dir='ltr'>Germanicam</span> <span class='ocrx_word' id='word_1_35' title='bbox 1177 570 1451 616; x_wconf 72' lang='lat' dir='ltr'>abundantis-</span> 
     </span>
     <span class='ocr_line' id='line_1_7' title="bbox 234 646 1452 700; baseline 0.003 -11"><span class='ocrx_word' id='word_1_36' title='bbox 234 651 381 694; x_wconf 74' lang='lat' dir='ltr'>simam</span> <span class='ocrx_word' id='word_1_37' title='bbox 415 657 456 689; x_wconf 80' lang='lat' dir='ltr'>et</span> <span class='ocrx_word' id='word_1_38' title='bbox 494 646 764 689; x_wconf 87' lang='lat' dir='ltr'>sufficientem</span> <span class='ocrx_word' id='word_1_39' title='bbox 802 646 940 689; x_wconf 83' lang='lat' dir='ltr'>cuivis</span> <span class='ocrx_word' id='word_1_40' title='bbox 974 646 1254 700; x_wconf 75' lang='lat' dir='ltr'>philosophae</span> <span class='ocrx_word' id='word_1_41' title='bbox 1283 650 1452 693; x_wconf 81' lang='lat' dir='ltr'>notioni</span> 
     </span>
     <span class='ocr_line' id='line_1_8' title="bbox 238 721 1452 779; baseline -0.002 -10"><span class='ocrx_word' id='word_1_42' title='bbox 238 739 286 769; x_wconf 87' lang='lat' dir='ltr'>ae</span> <span class='ocrx_word' id='word_1_43' title='bbox 309 733 471 775; x_wconf 80' lang='lat' dir='ltr'>sectae,</span> <span class='ocrx_word' id='word_1_44' title='bbox 502 722 714 764; x_wconf 89' lang='lat' dir='ltr'>veteribus</span> <span class='ocrx_word' id='word_1_45' title='bbox 742 721 866 763; x_wconf 88' lang='lat' dir='ltr'>rebus</span> <span class='ocrx_word' id='word_1_46' title='bbox 892 734 1003 764; x_wconf 84' lang='lat' dir='ltr'>nova</span> <span class='ocrx_word' id='word_1_47' title='bbox 1026 722 1197 764; x_wconf 88' lang='lat' dir='ltr'>nomina</span> <span class='ocrx_word' id='word_1_48' title='bbox 1223 727 1452 779; x_wconf 83' lang='lat' dir='ltr'>posuisse,</span> 
     </span>
     <span class='ocr_line' id='line_1_9' title="bbox 236 799 1460 843; baseline -0.003 0"><span class='ocrx_word' id='word_1_49' title='bbox 236 811 470 843; x_wconf 82' lang='lat' dir='ltr'>tortuosam</span> <span class='ocrx_word' id='word_1_50' title='bbox 504 807 805 841; x_wconf 78' lang='lat' dir='ltr'>sententlarum</span> <span class='ocrx_word' id='word_1_51' title='bbox 842 799 1210 840; x_wconf 84' lang='lat' dir='ltr'>constructionem</span> <span class='ocrx_word' id='word_1_52' title='bbox 1247 799 1460 843; x_wconf 79' lang='lat' dir='ltr'>instituis.</span> 
     </span>
     <span class='ocr_line' id='line_1_10' title="bbox 237 872 1465 930; baseline -0.001 -11"><span class='ocrx_word' id='word_1_53' title='bbox 237 891 285 922; x_wconf 84' lang='lat' dir='ltr'>se</span> <span class='ocrx_word' id='word_1_54' title='bbox 300 909 314 930; x_wconf 84' lang='lat'>,</span> <span class='ocrx_word' id='word_1_55' title='bbox 346 878 486 929; x_wconf 91' lang='lat' dir='ltr'>itaque</span> <span class='ocrx_word' id='word_1_56' title='bbox 508 887 556 917; x_wconf 87' lang='lat' dir='ltr'>ex</span> <span class='ocrx_word' id='word_1_57' title='bbox 580 876 674 915; x_wconf 90' lang='lat' dir='ltr'>luce</span> <span class='ocrx_word' id='word_1_58' title='bbox 694 873 885 915; x_wconf 86' lang='lat' dir='ltr'>tenebras</span> <span class='ocrx_word' id='word_1_59' title='bbox 914 872 1083 916; x_wconf 88' lang='lat' dir='ltr'>fecisse.</span> <span class='ocrx_word' id='word_1_60' title='bbox 1146 874 1207 916; x_wconf 83' lang='lat' dir='ltr'>Et</span> <span class='ocrx_word' id='word_1_61' title='bbox 1230 876 1326 917; x_wconf 85' lang='lat' dir='ltr'>vult</span> <span class='ocrx_word' id='word_1_62' title='bbox 1349 876 1465 918; x_wconf 83' lang='lat' dir='ltr'>Hor·</span> 
     </span>
     <span class='ocr_line' id='line_1_11' title="bbox 238 949 1468 1004; baseline -0.004 -4"><span class='ocrx_word' id='word_1_63' title='bbox 238 956 396 1001; x_wconf 68' lang='lat' dir='ltr'>rarius</span> <span class='ocrx_word' id='word_1_64' title='bbox 426 967 469 997; x_wconf 88' lang='lat' dir='ltr'>se</span> <span class='ocrx_word' id='word_1_65' title='bbox 489 955 662 995; x_wconf 89' lang='lat' dir='ltr'>doctum</span> <span class='ocrx_word' id='word_1_66' title='bbox 699 962 740 993; x_wconf 89' lang='lat' dir='ltr'>et</span> <span class='ocrx_word' id='word_1_67' title='bbox 778 953 1006 1004; x_wconf 80' lang='lat' dir='ltr'>elegantem</span> <span class='ocrx_word' id='word_1_68' title='bbox 1037 949 1170 992; x_wconf 88' lang='lat' dir='ltr'>facere</span> <span class='ocrx_word' id='word_1_69' title='bbox 1193 951 1373 994; x_wconf 85' lang='lat' dir='ltr'>citandis</span> <span class='ocrx_word' id='word_1_70' title='bbox 1394 965 1468 995; x_wconf 87' lang='lat' dir='ltr'>ve-</span> 
     </span>
     <span class='ocr_line' id='line_1_12' title="bbox 237 1026 1456 1081; baseline -0.002 -5"><span class='ocrx_word' id='word_1_71' title='bbox 237 1042 372 1077; x_wconf 88' lang='lat' dir='ltr'>terum</span> <span class='ocrx_word' id='word_1_72' title='bbox 398 1031 523 1075; x_wconf 87' lang='lat' dir='ltr'>dictis</span> <span class='ocrx_word' id='word_1_73' title='bbox 547 1043 593 1073; x_wconf 89' lang='lat' dir='ltr'>ac</span> <span class='ocrx_word' id='word_1_74' title='bbox 627 1029 848 1081; x_wconf 84' lang='lat' dir='ltr'>versibus,</span> <span class='ocrx_word' id='word_1_75' title='bbox 882 1035 922 1071; x_wconf 91' lang='lat' dir='ltr'>et</span> <span class='ocrx_word' id='word_1_76' title='bbox 946 1026 1123 1071; x_wconf 86' lang='lat' dir='ltr'>facetum</span> <span class='ocrx_word' id='word_1_77' title='bbox 1149 1027 1456 1073; x_wconf 86' lang='lat' dir='ltr'>conformando</span> 
     </span>
     <span class='ocr_line' id='line_1_13' title="bbox 241 1105 1464 1164; baseline -0.003 -11"><span class='ocrx_word' id='word_1_78' title='bbox 241 1109 434 1162; x_wconf 79' lang='lat' dir='ltr'>dialogo!</span> <span class='ocrx_word' id='word_1_79' title='bbox 477 1108 596 1164; x_wconf 89' lang='lat' dir='ltr'>Quae</span> <span class='ocrx_word' id='word_1_80' title='bbox 630 1116 871 1150; x_wconf 85' lang='lat' dir='ltr'>ornamenta</span> <span class='ocrx_word' id='word_1_81' title='bbox 923 1105 968 1148; x_wconf 88' lang='lat' dir='ltr'>in</span> <span class='ocrx_word' id='word_1_82' title='bbox 999 1107 1168 1147; x_wconf 88' lang='lat' dir='ltr'>homine</span> <span class='ocrx_word' id='word_1_83' title='bbox 1205 1106 1362 1158; x_wconf 83' lang='lat' dir='ltr'>aliena,</span> <span class='ocrx_word' id='word_1_84' title='bbox 1396 1107 1464 1149; x_wconf 86' lang='lat' dir='ltr'>vel</span> 
     </span>
     <span class='ocr_line' id='line_1_14' title="bbox 241 1181 1472 1239; baseline -0.002 -14"><span class='ocrx_word' id='word_1_85' title='bbox 241 1184 456 1239; x_wconf 86' lang='lat' dir='ltr'>graculum</span> <span class='ocrx_word' id='word_1_86' title='bbox 482 1183 641 1224; x_wconf 86' lang='lat' dir='ltr'>varium</span> <span class='ocrx_word' id='word_1_87' title='bbox 660 1211 674 1233; x_wconf 83' lang='lat'><strong>‚</strong></span> <span class='ocrx_word' id='word_1_88' title='bbox 704 1181 772 1223; x_wconf 88' lang='lat' dir='ltr'>vel</span> <span class='ocrx_word' id='word_1_89' title='bbox 795 1182 1014 1223; x_wconf 86' lang='lat' dir='ltr'>saltantem</span> <span class='ocrx_word' id='word_1_90' title='bbox 1043 1182 1302 1233; x_wconf 84' lang='lat' dir='ltr'>auritulum‚</span> <span class='ocrx_word' id='word_1_91' title='bbox 1334 1193 1383 1223; x_wconf 87' lang='lat' dir='ltr'>ex</span> <span class='ocrx_word' id='word_1_92' title='bbox 1408 1181 1472 1224; x_wconf 72' lang='lat' dir='ltr'>fa·-</span> 
     </span>
     <span class='ocr_line' id='line_1_15' title="bbox 244 1253 1407 1302; baseline -0.002 -1"><span class='ocrx_word' id='word_1_93' title='bbox 244 1259 346 1302; x_wconf 87' lang='lat' dir='ltr'>bula</span> <span class='ocrx_word' id='word_1_94' title='bbox 370 1258 493 1301; x_wconf 87' lang='lat' dir='ltr'>nobis</span> <span class='ocrx_word' id='word_1_95' title='bbox 515 1256 715 1298; x_wconf 82' lang='lat' dir='ltr'>referunt.</span> <span class='ocrx_word' id='word_1_96' title='bbox 775 1253 908 1296; x_wconf 88' lang='lat' dir='ltr'>Satin’</span> <span class='ocrx_word' id='word_1_97' title='bbox 932 1256 1032 1298; x_wconf 85' lang='lat' dir='ltr'>haec</span> <span class='ocrx_word' id='word_1_98' title='bbox 1056 1256 1180 1298; x_wconf 89' lang='lat' dir='ltr'>vobis</span> <span class='ocrx_word' id='word_1_99' title='bbox 1207 1256 1407 1299; x_wconf 75' lang='lat' dir='ltr'>fortiter?</span> 
     </span>
    </p>

    <p class='ocr_par' dir='ltr' id='par_1_5' title="bbox 243 1332 1466 1461">
     <span class='ocr_line' id='line_1_16' title="bbox 301 1332 1466 1387; baseline -0.001 -8"><span class='ocrx_word' id='word_1_100' title='bbox 301 1337 380 1379; x_wconf 88' lang='lat' dir='ltr'>W.</span> <span class='ocrx_word' id='word_1_101' title='bbox 423 1335 534 1378; x_wconf 86' lang='lat' dir='ltr'>Satis</span> <span class='ocrx_word' id='word_1_102' title='bbox 563 1334 758 1387; x_wconf 79' lang='lat' dir='ltr'>fortiter3</span> <span class='ocrx_word' id='word_1_103' title='bbox 789 1334 861 1376; x_wconf 86' lang='lat' dir='ltr'>sed</span> <span class='ocrx_word' id='word_1_104' title='bbox 895 1332 1108 1386; x_wconf 84' lang='lat' dir='ltr'>breviter,</span> <span class='ocrx_word' id='word_1_105' title='bbox 1144 1343 1190 1374; x_wconf 84' lang='lat' dir='ltr'>ut</span> <span class='ocrx_word' id='word_1_106' title='bbox 1225 1332 1466 1378; x_wconf 83' lang='lat' dir='ltr'>festinantis</span> 
     </span>
     <span class='ocr_line' id='line_1_17' title="bbox 243 1415 372 1461; baseline -0.023 0"><span class='ocrx_word' id='word_1_107' title='bbox 243 1415 372 1461; x_wconf 80' lang='lat' dir='ltr'>abire.</span> 
     </span>
    </p>

    <p class='ocr_par' dir='ltr' id='par_1_6' title="bbox 249 1477 1489 2462">
     <span class='ocr_line' id='line_1_18' title="bbox 305 1477 1474 1543; baseline -0.003 -8"><span class='ocrx_word' id='word_1_108' title='bbox 305 1491 489 1536; x_wconf 91' lang='lat' dir='ltr'><strong>LYND.</strong></span> <span class='ocrx_word' id='word_1_109' title='bbox 532 1477 742 1543; x_wconf 79' lang='lat' dir='ltr'>Equidem</span> <span class='ocrx_word' id='word_1_110' title='bbox 778 1496 820 1530; x_wconf 90' lang='lat' dir='ltr'>et</span> <span class='ocrx_word' id='word_1_111' title='bbox 852 1489 903 1530; x_wconf 85' lang='lat' dir='ltr'>de</span> <span class='ocrx_word' id='word_1_112' title='bbox 932 1487 1158 1530; x_wconf 85' lang='lat' dir='ltr'>Ciceronis</span> <span class='ocrx_word' id='word_1_113' title='bbox 1180 1492 1362 1540; x_wconf 78' lang='lat' dir='ltr'>caussa,</span> <span class='ocrx_word' id='word_1_114' title='bbox 1392 1501 1474 1532; x_wconf 78' lang='lat' dir='ltr'>no-</span> 
     </span>
     <span class='ocr_line' id='line_1_19' title="bbox 249 1563 1475 1618; baseline -0.009 -3"><span class='ocrx_word' id='word_1_115' title='bbox 249 1572 320 1615; x_wconf 78' lang='lat' dir='ltr'>vis</span> <span class='ocrx_word' id='word_1_116' title='bbox 351 1568 490 1611; x_wconf 84' lang='lat' dir='ltr'>verbis</span> <span class='ocrx_word' id='word_1_117' title='bbox 511 1564 827 1618; x_wconf 87' lang='lat' dir='ltr'>Philosophiam</span> <span class='ocrx_word' id='word_1_118' title='bbox 861 1564 1052 1615; x_wconf 85' lang='lat' dir='ltr'>augentis</span> <span class='ocrx_word' id='word_1_119' title='bbox 1070 1593 1084 1612; x_wconf 83' lang='lat'>‚</span> <span class='ocrx_word' id='word_1_120' title='bbox 1115 1564 1342 1615; x_wconf 88' lang='lat' dir='ltr'>aliquando</span> <span class='ocrx_word' id='word_1_121' title='bbox 1366 1563 1475 1605; x_wconf 84' lang='lat' dir='ltr'>hane</span> 
     </span>
     <span class='ocr_line' id='line_1_20' title="bbox 249 1637 1479 1700; baseline -0.008 -12"><span class='ocrx_word' id='word_1_122' title='bbox 249 1645 387 1700; x_wconf 80' lang='lat' dir='ltr'>ipsam</span> <span class='ocrx_word' id='word_1_123' title='bbox 410 1642 549 1684; x_wconf 87' lang='lat' dir='ltr'>thesin</span> <span class='ocrx_word' id='word_1_124' title='bbox 578 1642 628 1683; x_wconf 90' lang='lat' dir='ltr'>ad</span> <span class='ocrx_word' id='word_1_125' title='bbox 651 1640 953 1693; x_wconf 84' lang='lat' dir='ltr'>disputandum</span> <span class='ocrx_word' id='word_1_126' title='bbox 979 1638 1132 1692; x_wconf 68' lang='lat' dir='ltr'>posuit</span> <span class='ocrx_word' id='word_1_127' title='bbox 1159 1647 1198 1678; x_wconf 88' lang='lat' dir='ltr'>et</span> <span class='ocrx_word' id='word_1_128' title='bbox 1218 1649 1359 1680; x_wconf 81' lang='lat' dir='ltr'>recens</span> <span class='ocrx_word' id='word_1_129' title='bbox 1380 1637 1479 1679; x_wconf 89' lang='lat' dir='ltr'>Lei·</span> 
     </span>
     <span class='ocr_line' id='line_1_21' title="bbox 253 1717 1478 1773; baseline -0.007 -5"><span class='ocrx_word' id='word_1_130' title='bbox 253 1726 348 1768; x_wconf 80' lang='lat' dir='ltr'>dam</span> <span class='ocrx_word' id='word_1_131' title='bbox 379 1723 552 1765; x_wconf 89' lang='lat' dir='ltr'>veniens</span> <span class='ocrx_word' id='word_1_132' title='bbox 571 1751 586 1773; x_wconf 86' lang='lat'><strong>‚</strong></span> <span class='ocrx_word' id='word_1_133' title='bbox 613 1719 931 1761; x_wconf 85' lang='lat' dir='ltr'>dissertationes</span> <span class='ocrx_word' id='word_1_134' title='bbox 964 1717 1145 1771; x_wconf 84' lang='lat' dir='ltr'>petendo</span> <span class='ocrx_word' id='word_1_135' title='bbox 1168 1717 1478 1773; x_wconf 87' lang='lat' dir='ltr'>Jurisconsulti</span> 
     </span>
     <span class='ocr_line' id='line_1_22' title="bbox 253 1792 1478 1858; baseline -0.009 -14"><span class='ocrx_word' id='word_1_136' title='bbox 253 1801 401 1858; x_wconf 84' lang='lat' dir='ltr'>gradui</span> <span class='ocrx_word' id='word_1_137' title='bbox 434 1799 613 1850; x_wconf 86' lang='lat' dir='ltr'>scriptas</span> <span class='ocrx_word' id='word_1_138' title='bbox 652 1797 943 1850; x_wconf 87' lang='lat' dir='ltr'>perlustrans,</span> <span class='ocrx_word' id='word_1_139' title='bbox 976 1794 1124 1835; x_wconf 89' lang='lat' dir='ltr'>videns</span> <span class='ocrx_word' id='word_1_140' title='bbox 1157 1793 1301 1845; x_wconf 86' lang='lat' dir='ltr'>plenas</span> <span class='ocrx_word' id='word_1_141' title='bbox 1335 1792 1478 1834; x_wconf 75' lang='lat' dir='ltr'>citatis</span> 
     </span>
     <span class='ocr_line' id='line_1_23' title="bbox 255 1870 1476 1924; baseline -0.009 -2"><span class='ocrx_word' id='word_1_142' title='bbox 255 1881 485 1923; x_wconf 86' lang='lat' dir='ltr'>multorum</span> <span class='ocrx_word' id='word_1_143' title='bbox 509 1886 729 1918; x_wconf 82' lang='lat' dir='ltr'>auctorum</span> <span class='ocrx_word' id='word_1_144' title='bbox 757 1873 895 1924; x_wconf 86' lang='lat' dir='ltr'>locis,</span> <span class='ocrx_word' id='word_1_145' title='bbox 925 1882 1063 1913; x_wconf 88' lang='lat' dir='ltr'>earum</span> <span class='ocrx_word' id='word_1_146' title='bbox 1091 1870 1321 1922; x_wconf 89' lang='lat' dir='ltr'>scriptores</span> <span class='ocrx_word' id='word_1_147' title='bbox 1347 1871 1476 1920; x_wconf 64' lang='lat' dir='ltr'>longe</span> 
     </span>
     <span class='ocr_line' id='line_1_24' title="bbox 255 1945 1480 2000; baseline -0.011 -2"><span class='ocrx_word' id='word_1_148' title='bbox 255 1954 567 1999; x_wconf 69' lang='lat' dir='ltr'>eruditissimos</span> <span class='ocrx_word' id='word_1_149' title='bbox 594 1951 786 1994; x_wconf 83' lang='lat' dir='ltr'>homines</span> <span class='ocrx_word' id='word_1_150' title='bbox 813 1960 904 1991; x_wconf 85' lang='lat' dir='ltr'>esse</span> <span class='ocrx_word' id='word_1_151' title='bbox 927 1948 1088 2000; x_wconf 87' lang='lat' dir='ltr'>putavi.</span> <span class='ocrx_word' id='word_1_152' title='bbox 1149 1946 1298 1988; x_wconf 87' lang='lat' dir='ltr'>Postea</span> <span class='ocrx_word' id='word_1_153' title='bbox 1322 1945 1480 1987; x_wconf 81' lang='lat' dir='ltr'>intelli-</span> 
     </span>
     <span class='ocr_line' id='line_1_25' title="bbox 260 2018 1484 2087; baseline -0.011 -14"><span class='ocrx_word' id='word_1_154' title='bbox 260 2044 354 2087; x_wconf 85' lang='lat' dir='ltr'>gere</span> <span class='ocrx_word' id='word_1_155' title='bbox 375 2032 498 2082; x_wconf 84' lang='lat' dir='ltr'>coepi</span> <span class='ocrx_word' id='word_1_156' title='bbox 523 2029 629 2070; x_wconf 87' lang='lat' dir='ltr'>unde</span> <span class='ocrx_word' id='word_1_157' title='bbox 645 2051 662 2079; x_wconf 65' lang='grc'><em>,</em></span> <span class='ocrx_word' id='word_1_158' title='bbox 694 2025 971 2080; x_wconf 87' lang='lat' dir='ltr'>plurimarum</span> <span class='ocrx_word' id='word_1_159' title='bbox 998 2022 1195 2074; x_wconf 81' lang='lat' dir='ltr'>quidem,</span> <span class='ocrx_word' id='word_1_160' title='bbox 1230 2019 1300 2062; x_wconf 90' lang='lat' dir='ltr'>illa</span> <span class='ocrx_word' id='word_1_161' title='bbox 1323 2018 1484 2061; x_wconf 78' lang='lat' dir='ltr'>doctri·</span> 
     </span>
     <span class='ocr_line' id='line_1_26' title="bbox 259 2096 1485 2160; baseline -0.012 -9"><span class='ocrx_word' id='word_1_162' title='bbox 259 2120 338 2152; x_wconf 84' lang='lat' dir='ltr'>nae</span> <span class='ocrx_word' id='word_1_163' title='bbox 357 2107 478 2160; x_wconf 89' lang='lat' dir='ltr'>copia</span> <span class='ocrx_word' id='word_1_164' title='bbox 501 2104 689 2147; x_wconf 85' lang='lat' dir='ltr'>veniret:</span> <span class='ocrx_word' id='word_1_165' title='bbox 712 2102 876 2145; x_wconf 83' lang='lat' dir='ltr'>scilicet</span> <span class='ocrx_word' id='word_1_166' title='bbox 897 2096 1290 2154; x_wconf 83' lang='lat' dir='ltr'>inJurisprudentia</span> <span class='ocrx_word' id='word_1_167' title='bbox 1312 2109 1359 2138; x_wconf 84' lang='lat' dir='ltr'>ex</span> <span class='ocrx_word' id='word_1_168' title='bbox 1382 2108 1485 2149; x_wconf 85' lang='lat' dir='ltr'>pau·</span> 
     </span>
     <span class='ocr_line' id='line_1_27' title="bbox 261 2172 1485 2233; baseline -0.014 -5"><span class='ocrx_word' id='word_1_169' title='bbox 261 2188 327 2229; x_wconf 85' lang='lat' dir='ltr'>cis</span> <span class='ocrx_word' id='word_1_170' title='bbox 350 2183 626 2226; x_wconf 86' lang='lat' dir='ltr'>recentiorum</span> <span class='ocrx_word' id='word_1_171' title='bbox 661 2181 937 2233; x_wconf 89' lang='lat' dir='ltr'>interpretum</span> <span class='ocrx_word' id='word_1_172' title='bbox 965 2175 1113 2217; x_wconf 84' lang='lat' dir='ltr'>libris:</span> <span class='ocrx_word' id='word_1_173' title='bbox 1145 2175 1191 2217; x_wconf 87' lang='lat' dir='ltr'>in</span> <span class='ocrx_word' id='word_1_174' title='bbox 1222 2172 1379 2214; x_wconf 86' lang='lat' dir='ltr'>Literis</span> <span class='ocrx_word' id='word_1_175' title='bbox 1413 2184 1485 2214; x_wconf 85' lang='grc'><strong>311-</strong></span> 
     </span>
     <span class='ocr_line' id='line_1_28' title="bbox 260 2250 1484 2313; baseline -0.01 -7"><span class='ocrx_word' id='word_1_176' title='bbox 260 2273 345 2306; x_wconf 89' lang='lat' dir='ltr'>tern</span> <span class='ocrx_word' id='word_1_177' title='bbox 372 2272 493 2313; x_wconf 90' lang='lat' dir='ltr'>saepe</span> <span class='ocrx_word' id='word_1_178' title='bbox 513 2271 564 2302; x_wconf 80' lang='lat' dir='ltr'>ex</span> <span class='ocrx_word' id='word_1_179' title='bbox 588 2258 742 2312; x_wconf 79' lang='lat' dir='ltr'>Langii</span> <span class='ocrx_word' id='word_1_180' title='bbox 766 2254 1054 2309; x_wconf 84' lang='lat' dir='ltr'>Polyanthea‚</span> <span class='ocrx_word' id='word_1_181' title='bbox 1085 2250 1250 2294; x_wconf 87' lang='lat' dir='ltr'>Erasmi</span> <span class='ocrx_word' id='word_1_182' title='bbox 1277 2250 1484 2303; x_wconf 83' lang='lat' dir='ltr'>Adagiis,</span> 
     </span>
     <span class='ocr_line' id='line_1_29' title="bbox 261 2326 1486 2385; baseline -0.011 -4"><span class='ocrx_word' id='word_1_183' title='bbox 261 2338 424 2382; x_wconf 86' lang='lat' dir='ltr'>Lexico</span> <span class='ocrx_word' id='word_1_184' title='bbox 459 2335 662 2385; x_wconf 87' lang='lat' dir='ltr'>Poetico‚</span> <span class='ocrx_word' id='word_1_185' title='bbox 693 2341 799 2385; x_wconf 87' lang='lat' dir='ltr'>aut,</span> <span class='ocrx_word' id='word_1_186' title='bbox 831 2331 868 2374; x_wconf 91' lang='lat' dir='ltr'>si</span> <span class='ocrx_word' id='word_1_187' title='bbox 900 2329 1012 2372; x_wconf 88' lang='lat' dir='ltr'>forte</span> <span class='ocrx_word' id='word_1_188' title='bbox 1025 2358 1045 2382; x_wconf 58' lang='grc'>,»</span> <span class='ocrx_word' id='word_1_189' title='bbox 1071 2340 1119 2370; x_wconf 88' lang='lat' dir='ltr'>ex</span> <span class='ocrx_word' id='word_1_190' title='bbox 1157 2327 1303 2370; x_wconf 86' lang='lat' dir='ltr'>Vossii</span> <span class='ocrx_word' id='word_1_191' title='bbox 1333 2326 1486 2379; x_wconf 79' lang='lat' dir='ltr'>libris,</span> 
     </span>
     <span class='ocr_line' id='line_1_30' title="bbox 264 2403 1489 2462; baseline -0.008 -6"><span class='ocrx_word' id='word_1_192' title='bbox 264 2412 445 2458; x_wconf 83' lang='lat' dir='ltr'>Fabricii</span> <span class='ocrx_word' id='word_1_193' title='bbox 481 2410 758 2453; x_wconf 88' lang='lat' dir='ltr'>Bibliothecis</span> <span class='ocrx_word' id='word_1_194' title='bbox 775 2441 790 2462; x_wconf 89' lang='lat'>,</span> <span class='ocrx_word' id='word_1_195' title='bbox 835 2407 1079 2459; x_wconf 82' lang='lat' dir='ltr'>Bruckero‚</span> <span class='ocrx_word' id='word_1_196' title='bbox 1128 2405 1251 2447; x_wconf 83' lang='lat' dir='ltr'>aliis:</span> <span class='ocrx_word' id='word_1_197' title='bbox 1301 2416 1377 2448; x_wconf 89' lang='lat' dir='ltr'>nec</span> <span class='ocrx_word' id='word_1_198' title='bbox 1423 2403 1489 2446; x_wconf 87' lang='grc'><strong>1115</strong></span> 
     </span>
    </p>
   </div>
   <div class='ocr_carea' id='block_1_3' title="bbox 266 2478 1494 2598">
    <p class='ocr_par' dir='ltr' id='par_1_7' title="bbox 266 2478 1494 2598">
     <span class='ocr_line' id='line_1_31' title="bbox 266 2478 1492 2543; baseline -0.013 -8"><span class='ocrx_word' id='word_1_199' title='bbox 266 2491 459 2534; x_wconf 86' lang='lat' dir='ltr'>meditate</span> <span class='ocrx_word' id='word_1_200' title='bbox 495 2486 710 2543; x_wconf 83' lang='lat' dir='ltr'>legendis,</span> <span class='ocrx_word' id='word_1_201' title='bbox 743 2486 815 2530; x_wconf 87' lang='lat' dir='ltr'>sed</span> <span class='ocrx_word' id='word_1_202' title='bbox 857 2495 1003 2529; x_wconf 87' lang='lat' dir='ltr'>eorum</span> <span class='ocrx_word' id='word_1_203' title='bbox 1042 2480 1254 2525; x_wconf 85' lang='lat' dir='ltr'>indicibus</span> <span class='ocrx_word' id='word_1_204' title='bbox 1285 2478 1492 2535; x_wconf 85' lang='lat' dir='ltr'>pervolu-</span> 
     </span>
     <span class='ocr_line' id='line_1_32' title="bbox 1403 2564 1494 2598; baseline 0 -1"><span class='ocrx_word' id='word_1_205' title='bbox 1403 2564 1494 2598; x_wconf 81' lang='lat' dir='ltr'>tan-</span> 
     </span>
    </p>
   </div>
  </div>
 </body>
</html>
