1693 3110
421 174 1148 223 ADLYNDENUM.
1319 187 1402 232 199

171 292 217 343 lii
238 297 344 343 novi
382 298 536 344 Critici
562 299 643 341 hoe
684 299 742 340 ita
773 299 1013 353 jactarunt,
1045 298 1168 352 quasi
1199 297 1283 340 soli
1312 298 1398 339 sci-

176 385 271 419 rent
303 386 342 417 et
376 376 663 429 reperissent:
709 384 750 416 et
794 387 893 416 sane
934 375 1094 427 aliquid
1128 374 1395 429 adjecerunt}

173 452 284 494 hanc
314 452 477 494 scilicet
501 450 848 494 conclusionem:
882 450 1003 505 Ergo
1023 463 1088 493 res
1114 464 1195 492 non
1227 449 1401 492 sensibie

174 526 234 570 las
266 541 347 570 non
391 528 455 570 ad
488 526 659 583 Tempus
695 534 735 567 et
772 526 968 582 Spatium
1009 526 1248 568 adstrictae
1284 533 1397 566 sunt.

175 604 310 661 Quod
330 617 462 658 aeque
492 604 701 658 eleganter
727 603 983 644 conclusum
1020 611 1084 644 est
1109 611 1237 655 atque
1266 602 1401 644 illudz

177 683 328 725 Omnes
357 695 481 725 canes
515 681 669 725 habent
709 690 896 738 quatuor
933 679 1088 738 pedes;
1129 679 1282 736 Ergo,
1326 681 1401 736 qui

169 772 255 800 non
277 768 375 801 sunt
395 772 554 812 canem
585 772 668 801 non
703 758 859 800 habent
888 766 1076 814 quatuor
1102 756 1248 813 pedes·
1310 756 1403 798 Sci·

175 835 278 878 licet
303 848 390 897 non
423 835 699 878 adtenderunt
730 835 779 876 ad
807 833 1134 888 magnitudinem
1159 833 1344 888 subjecti
1364 841 1407 876 et

179 911 436 966 praedicat&
468 924 699 963 eorumque
731 911 1073 964 proportionem
1138 909 1222 952 Sed
1257 909 1409 963 hujus-

179 990 297 1032 modi
328 990 600 1044 paralogismi
631 990 744 1043 apud
785 1002 923 1032 novos
949 990 1057 1033 istos
1092 989 1282 1032 Criticos
1319 1001 1408 1032 non

181 1077 285 1111 eunt
308 1065 615 1118 infrequentes.
679 1066 853 1122 Quanto
887 1068 1037 1108 melius
1063 1074 1146 1107 erat
1169 1065 1409 1118 simplicem

179 1141 383 1186 Veterum
417 1144 618 1186 rationem
644 1144 790 1195 sequi:
829 1143 992 1194 duplici
1018 1142 1084 1184 via
1108 1143 1159 1185 ad
1181 1143 1262 1185 hoc
1287 1144 1410 1185 theo.

179 1234 293 1264 rema
317 1232 555 1275 pergentem
574 1251 589 1273 ‚
620 1220 879 1275 Ontologica
901 1230 940 1262 et
966 1219 1293 1274 Psychologieaf.
1355 1218 1413 1261 11-

180 1299 223 1341 13
254 1298 501 1353 hujusmodi
536 1307 623 1339 est:
658 1296 743 1338 Res
788 1298 877 1352 (τὰ
907 1298 1039 1351 &ui-x)
1072 1305 1176 1338 sunt
1202 1298 1268 1339 vel
1300 1309 1411 1339 mere.

184 1373 443 1428 possibiles,
474 1373 542 1415 vel
567 1373 821 1415 existentes:
855 1374 1081 1415 existentes
1106 1381 1210 1415 sunt
1234 1374 1298 1415 vel
1317 1385 1417 1415 cor-

184 1452 351 1506 porales
384 1450 451 1492 vel
482 1451 801 1504 incorporalesz
840 1453 1086 1504 corporales
1131 1452 1260 1494 nobis
1290 1452 1417 1494 innon

186 1539 358 1572 tescunt
392 1540 465 1582 per
500 1539 652 1570 sensus
689 1527 917 1581 corporis,
966 1537 1011 1568 ut
1045 1526 1097 1569 ad
1135 1527 1324 1580 Spatium
1362 1541 1410 1571 ac

190 1604 385 1656 Tempus
420 1604 669 1646 adstrictae:
707 1603 995 1657 incorporales
1022 1615 1195 1656 quoque
1232 1616 1323 1646 esse
1354 1616 1419 1647 ra.

192 1680 256 1722 tio
296 1691 523 1734 progressu
560 1678 788 1732 intelli-git,
819 1680 918 1721 item
951 1691 1018 1721 eas
1052 1681 1103 1722 ad
1129 1681 1323 1734 Tempus
1350 1682 1424 1724 ad·

192 1756 394 1807 strictas;
443 1755 479 1797 si
514 1755 683 1808 quidem
722 1767 816 1798 esse
851 1763 1034 1808 pergunt
1070 1767 1116 1796 ac
1152 1756 1330 1799 durant:
1371 1756 1423 1799 ad

193 1831 424 1884 spatium,
454 1841 531 1872 nec
566 1842 644 1881 ne,
685 1840 880 1872 neutrum
917 1829 1132 1874 intelliffit.
1191 1830 1426 1884 Psycholo·

195 1907 289 1963 gica
324 1907 422 1948 haec
458 1916 539 1950 est.
601 1906 814 1949 Notiones
851 1915 953 1949 sunt
984 1918 1116 1949 rerum
1145 1909 1208 1949 vel
1244 1909 1425 1952 sensibi-

198 1984 331 2034 lium,
365 1982 430 2024 vel
451 1982 816 2036 intelligibilium:
850 1984 946 2025 illae
971 1995 1066 2024 cum
1092 1985 1270 2027 notione
1297 1985 1424 2029 Tem.

197 2058 316 2111 poris
338 2070 383 2100 ac
410 2057 547 2109 spatii
569 2061 821 2113 conjunctae
844 2070 970 2101 sunt:
1007 2061 1081 2101 hae
1103 2073 1154 2102 an
1178 2060 1273 2103 item
1290 2092 1305 2113 .,
1338 2074 1426 2105 non

201 2133 338 2187 liquet
363 2146 412 2177 ex
450 2136 525 2177 hac
553 2135 882 2188 distributione3
914 2147 1013 2189 ergo
1045 2139 1327 2190 pergendumz
1362 2149 1427 2181 res

200 2210 492 2265 intelligibiles
518 2222 616 2253 sunt
641 2213 706 2254 vel
739 2213 972 2266 singulares
1001 2221 1042 2254 et
1081 2220 1333 2266 concretae,
1365 2213 1434 2258 vel

201 2288 462 2331 universales
497 2299 538 2330 et
574 2289 842 2332 abstractae:
886 2289 961 2331 hae
996 2300 1109 2333 extra
1153 2291 1344 2346 Tempus
1393 2302 1435 2335 et

205 2366 397 2418 Spatium
433 2378 562 2410 sunt:
597 2370 691 2411 illas
727 2381 845 2422 esse,
876 2368 984 2410 ratio
1008 2382 1239 2424 progressu
1272 2370 1431 2413 intelli-

209 2443 301 2498 git,
334 2444 429 2485 item
467 2457 535 2486 eas
569 2448 621 2488 ad
654 2446 848 2500 Tempus
875 2446 1096 2490 adstrictas
1132 2461 1251 2501 esse,
1283 2450 1318 2491 si
1342 2448 1437 2501 qui-

215 2518 307 2561 dem
341 2530 432 2560 esse
462 2530 642 2576 pergunt
672 2534 720 2565 ac
754 2524 928 2568 durant:
965 2523 1015 2566 ad
1037 2523 1261 2579 Spatium,
1291 2532 1442 2568 caussa'

264 2594 361 2648 Vol.
391 2594 448 2638 11.
887 2596 934 2639 Ν
1348 2600 1446 2645 nul-
