1693 3110
286 147 346 190 72
649 129 1132 180 EPISTOLA

299 274 399 312 spes
433 259 557 300 simul
586 270 682 299 cum
721 257 841 298 fumo
874 255 1058 298 evanuit.
1119 246 1307 307 Tamen,
1341 268 1420 312 quo
1444 266 1523 295 sce*

298 338 383 380 mal
399 345 496 378 erat
516 334 678 376 imbuta
702 346 841 375 recens
866 340 974 373 testa
1006 334 1195 374 servavit
1227 331 1386 373 odorem
1402 347 1418 374 :
1443 342 1504 372 re-

295 413 427 455 tinuit
459 422 635 452 amorem
654 441 669 462 ‚
700 421 785 452 non
813 420 858 450 ut
882 409 1108 460 scriberet,
1139 409 1211 451 sed
1245 417 1291 449 ut
1323 410 1496 462 legeret:

297 489 432 532 veluti
475 487 689 530 lectitabat
725 486 981 537 Homerum,
1027 484 1297 536 Euripidem
1344 485 1506 527 Aristo-

299 567 505 622 phanem,
537 564 800 612 Lucianum‚
825 563 1070 605 Ciceronem
1087 592 1102 613 ‚
1134 560 1356 614 Virgilium
1374 591 1387 611 ,
1418 558 1507 601 Ho-

294 642 473 688 ratium„
504 639 640 682 alios:
680 651 730 680 ex
768 638 1069 679 recentioribus
1102 637 1146 678 in
1174 637 1322 689 primis
1362 636 1509 678 Mure·

290 729 409 770 tum,
439 718 669 760 Ernestum
686 746 699 765 ,
733 714 1059 763 Κυὴηῖζεηίωῃ,
1092 713 1333 765 elegantiam
1358 721 1398 756 et
1421 712 1504 760 La·

291 797 497 839 tinitatem
524 792 757 843 admirans,
783 792 906 844 qu'us
928 790 1040 832 haud
1062 789 1233 841 ineptus
1260 797 1345 830 erat
1364 789 1504 842 judex.

295 871 439 913 Taceo
462 868 539 910 alia
567 867 750 908 bominis
774 867 913 917 bona,
940 878 1046 918 quae
1069 865 1137 909 Tu
1163 866 1258 906 item
1285 867 1353 917 pie
1375 875 1414 906 et
1436 878 1511 917 po-

297 948 370 989 lite
395 943 586 988 cecinisti
611 944 654 985 in
680 942 809 995 elegia
831 940 997 982 funebri
1022 940 1211 982 manibus
1241 942 1330 995 ejus
1354 941 1504 984 dicata.

297 1022 483 1073 Reliqua
508 1019 594 1062 vita
624 1019 718 1060 inde
750 1019 800 1059 ab
834 1016 998 1069 aliquot
1023 1016 1142 1058 annis
1167 1017 1374 1070 ejusmodi
1394 1016 1509 1068 fuit,

293 1107 344 1141 ut
376 1096 624 1138 labefactata
652 1092 917 1144 valetudine,
949 1092 1070 1139 amici
1089 1093 1136 1145 ,ei
1158 1104 1246 1133 non
1268 1102 1350 1134 tam
1377 1092 1509 1136 vitam

291 1174 492 1224 longam,
535 1179 660 1222 quam
708 1167 869 1214 facilem
912 1167 1068 1209 exitum
1105 1176 1324 1219 optarent:
1366 1169 1439 1221 qui
1473 1169 1516 1211 ei

297 1249 452 1301 obtigit
477 1246 674 1297 subitus,
712 1245 754 1286 d.
794 1256 845 1286 11.
883 1243 1098 1286 Februarii
1129 1243 1361 1295 superioris
1394 1244 1509 1287 anni.

350 1323 448 1365 Nos
492 1334 622 1372 vero,
664 1319 824 1373 optime
855 1318 1049 1371 Bosclii,
1096 1318 1153 1360 ita
1197 1319 1420 1371 vivamus,
1462 1327 1511 1362 ut

295 1397 420 1442 amici
441 1409 519 1439 nos
545 1396 683 1438 nostri
709 1394 947 1437 diutissime
971 1396 1109 1436 vivere
1131 1395 1321 1447 cupiant.
1375 1395 1510 1438 Cum-

298 1489 380 1528 que
413 1475 640 1516 multorum
677 1481 920 1515 nostrorum
952 1470 1074 1512 etiam
1107 1471 1327 1525 J'uniorum
1364 1470 1512 1514 funera

293 1551 537 1606 fragilitatis
561 1560 640 1593 nos
669 1556 839 1590 nostrae
866 1553 906 1586 et
932 1544 1199 1590 mortalitatis
1224 1558 1346 1599 saepe
1367 1547 1512 1590 admo-

295 1629 495 1680 nui-rint⁹
534 1626 772 1678 reliquum,
817 1623 1118 1675 quodcumque
1152 1631 1370 1674 superest,
1414 1635 1512 1676 spa-

294 1706 401 1747 tium
439 1704 498 1747 ita
536 1703 779 1755 exigamus,
810 1709 860 1740 ut
883 1710 933 1741 ne
959 1697 1191 1740 dubitemus
1215 1701 1415 1741 virtutem
1439 1714 1511 1742 ex.

295 1781 467 1824 tendere
492 1780 650 1834 factis.

354 1856 445 1898 1211!
481 1855 699 1909 epistolam
727 1853 803 1894 diu
826 1852 929 1895 Tibi
961 1851 1168 1897 debitamz
1209 1864 1313 1904 quae
1347 1853 1384 1894 si
1417 1853 1511 1896 1οη-

298 1933 390 1987 gior
426 1942 466 1974 et
497 1931 717 1983 loquacior
748 1929 858 1980 fuit,
905 1928 1009 1970 Tibi
1037 1929 1296 1981 imputabis:
1340 1929 1375 1971 si
1410 1931 1514 1983 quid

296 2019 504 2063 piaeterea
523 2008 635 2048 aliud
658 2007 701 2048 in
727 2018 771 2048 ea
792 2005 894 2047 Tibi
924 2006 1070 2047 aliisve
1101 2005 1394 2057 displicuerit,
1425 2018 1515 2047 rur.

299 2096 373 2126 sus
421 2083 524 2128 Tibi
571 2082 830 2133 imputabis:
877 2090 1109 2132 utcumque
1141 2081 1244 2121 bene
1279 2089 1351 2123 aut
1385 2093 1511 2124 secus

296 2160 471 2202 meritus
495 2159 644 2210 fuero,
679 2159 759 2200 hoc
791 2167 928 2202 totum
957 2169 1074 2200 tuum
1097 2158 1189 2203 erit.
1242 2156 1312 2198 Tu
1337 2170 1401 2200 me
1419 2159 1515 2200 dor-

299 2237 490 2278 mientem
518 2238 566 2277 ad
593 2235 859 2278 scribendum
887 2234 1077 2277 excitasti
1111 2244 1153 2277 et
1182 2232 1414 2286 impulisti:
1449 2245 1516 2276 se·

302 2313 383 2352 mel
431 2312 594 2363 quidem
633 2312 841 2353 excitatus
888 2320 928 2352 et
971 2309 1212 2362 impulsus,
1256 2308 1388 2350 facere
1427 2321 1514 2351 non

301 2396 484 2440 poteram
501 2417 515 2438 ,
534 2386 637 2438 quin
664 2399 755 2428 mco
782 2399 897 2430 more
922 2386 1141 2429 scriberem
1168 2394 1209 2427 et
1234 2394 1511 2429 excurrerem:

300 2473 372 2506 aut
398 2462 576 2505 dormire
600 2475 664 2505 me
695 2463 898 2518 sivisses‚
929 2473 1005 2506 nec
1032 2461 1272 2505 excitasse&
1329 2459 1517 2504 Accede-

1443 2534 1515 2577 bat
