1693 3110
231 220 288 266 μ
598 196 1089 251 EPISTOLA

235 343 358 380 mm,
392 327 443 370 iis
469 326 634 381 quidem
653 357 667 378 ,
703 323 777 376 qui
801 322 843 364 in
874 318 1226 364 Memorabilibus
1258 318 1446 367 Socratid

233 403 473 457 consignati
501 411 616 443 sunt.

289 479 518 531 Sequitur,
550 485 598 517 ut
619 476 669 518 de
689 474 740 518 fis
766 474 954 516 dicamus
978 473 1221 515 emendandi
1247 475 1450 527 interpre-

236 556 441 605 tandique
464 552 687 603 fontibus,
711 550 784 603 qui
810 561 924 592 extra
949 551 1176 591 Auctorem
1200 561 1251 590 ex
1276 549 1454 590 aliorum

234 632 416 674 lectione
436 629 699 681 Scriptorum
726 627 1072 681 proficiscuntur.
1117 626 1254 678 Igitur
1274 626 1455 666 aliorum

238 706 501 758 Scriptorum
527 703 734 757 triplicem
763 715 988 755 sequemur
1011 702 1378 753 distributionem3
1407 710 1456 742 ut

237 795 311 826 eos
336 790 573 835 spectemus
597 780 777 834 primum
802 783 1030 831 universe,
1061 778 1208 820 deinde
1223 778 1462 833 peculiari-

237 867 306 901 ter
328 858 370 900 in
405 855 566 909 duplici
597 864 752 906 aetate3
786 855 911 896 altera
935 867 1076 896 eorum
1096 883 1111 905 ,
1143 854 1217 906 qui
1246 862 1345 906 post
1369 852 1462 893 Au-

235 943 423 985 ctorem,
455 934 581 973 altera
605 941 779 982 eorum,
813 931 1003 982 quiante
1026 941 1118 970 eum
1145 927 1335 970 fuerunt.
1383 927 1463 968 At-

239 1026 325 1068 que
344 1022 462 1054 totus
489 1011 557 1052 hic
586 1011 734 1061 locus,
757 1009 952 1062 quamvis
979 1009 1058 1050 late
1083 1017 1262 1060 patens,
1294 1018 1460 1049 omnem

239 1090 510 1141 antiquorum
554 1085 810 1126 Graecorum
860 1082 1201 1134 Latinorumque
1247 1081 1464 1123 scientiam

239 1173 610 1207 monumentorum
643 1163 955 1215 complectens,
988 1171 1100 1202 nunc
1137 1157 1255 1199 brevi
1278 1147 1468 1199 admoni-

241 1246 358 1287 tione
384 1253 613 1286 contentus
639 1242 733 1284 erit.

298 1320 358 1362 Et
378 1320 514 1373 primo
541 1317 707 1370 quidem
725 1349 739 1369 ‚
760 1315 833 1369 qui
858 1315 1072 1357 Platonem
1098 1325 1193 1354 eum
1216 1311 1356 1354 fructu
1379 1318 1474 1364 per·

242 1400 378 1452 legere
396 1394 525 1446 velit,
549 1405 673 1437 nemo
699 1393 749 1434 ad
771 1404 863 1433 eum
881 1390 1041 1433 accedit
1057 1421 1072 1442 ‚
1102 1389 1186 1431 nisi
1216 1386 1337 1429 lectis
1373 1386 1476 1439 poi}-

247 1474 304 1515 tis
320 1503 335 1524 ,
376 1473 586 1522 Homero,
625 1469 845 1519 Hesiodo,
876 1467 1083 1516 Pindaro,
1117 1464 1311 1517 Tragicis
1330 1492 1345 1513 ‚
1374 1461 1473 1503 Ari-

248 1550 487 1603 stophane,
518 1557 558 1588 et
585 1559 638 1588 ex
664 1556 814 1599 prosae
842 1541 1047 1585 orationis
1079 1539 1363 1593 scriptoribus
1389 1550 1476 1579 cer-

247 1637 287 1670 te
322 1625 622 1678 Xenophonte.
682 1620 818 1662 Lecto
850 1619 1015 1660 demum
1051 1617 1252 1666 Platone,
1284 1614 1474 1666 reliquos

249 1714 395 1746 omnes
420 1708 717 1754 persequetur:
750 1699 793 1738 in
821 1695 987 1747 iisque,
1025 1703 1071 1735 ut
1095 1693 1193 1734 item
1223 1692 1266 1733 in
1302 1691 1475 1733 Platone

247 1779 545 1828 factitaverat‚
587 1775 742 1827 duplex
775 1770 1037 1824 cognitionis
1090 1781 1221 1821 genus
1257 1768 1428 1820 colliget
1455 1798 1472 1818 ,

251 1861 426 1915 list-gntae
447 1868 485 1898 et
515 1869 677 1897 rerum.
741 1854 809 1894 Ad
836 1861 1063 1901 utrumque
1086 1858 1196 1889 recte
1216 1849 1477 1901 perspicien-

257 1936 355 1977 dum
377 1931 588 1975 adhibebit
605 1931 723 1971 etiam
745 1929 1019 1972 recentiorum
1038 1924 1193 1975 libros,
1213 1937 1307 1965 cum
1327 1922 1478 1966 Gram-

257 2008 505 2051 maticorum
525 2016 565 2046 et
587 2004 845 2047 Criticorum
861 2033 875 2054 ‚
899 2013 987 2042 tum
1012 1999 1378 2051 Antiquariorum.
1416 1999 1477 2039 De

254 2082 342 2123 illis
367 2082 486 2134 plura
515 2081 648 2122 dicere
674 2080 734 2121 nil
769 2090 881 2120 nunc
921 2077 1089 2119 attinet.
1149 2075 1213 2116 De
1249 2075 1313 2116 his
1346 2087 1477 2117 unum

260 2158 366 2200 satis
387 2158 442 2198 sit
468 2158 712 2208 monuisse,
745 2156 895 2197 horum
924 2153 1132 2195 delectum
1159 2152 1479 2193 accommodan-

265 2233 362 2274 dum
399 2244 488 2273 esse
521 2231 572 2271 ad
606 2241 847 2283 argumenta
881 2242 956 2280 ea„
989 2240 1094 2280 quae
1126 2226 1276 2279 Plato,
1307 2228 1374 2268 vel
1395 2235 1478 2268 tra-

263 2308 426 2360 ctavit,
456 2310 522 2350 vel
544 2309 698 2361 attigit.
760 2307 893 2360 Igitur
915 2316 954 2347 et
979 2305 1118 2347 omnis
1143 2304 1319 2347 historia
1339 2313 1482 2348 tenen-

266 2386 317 2429 da
344 2394 409 2425 est
432 2413 447 2435 ,
490 2393 530 2426 et
564 2384 723 2425 formae
753 2384 1004 2434 civitatum,
1048 2384 1188 2435 leges,
1219 2394 1386 2433 mores,
1416 2382 1479 2422 inm

267 2461 413 2502 stituta
428 2489 443 2512 ,
476 2461 737 2502 consuetudo
758 2461 799 2502 in
820 2460 933 2501 omni
956 2459 1064 2500 vitae
1085 2471 1260 2512 genere⁷
1285 2470 1380 2501 cum
1402 2468 1481 2510 pu-

265 2537 415 2590 blico,
458 2547 548 2579 tum
584 2537 783 2591 privato:
827 2547 867 2581 et
904 2546 1010 2579 artes
1046 2549 1069 2578 a
1103 2535 1281 2580 Graecis
1314 2536 1478 2587 cultae,

1383 2621 1478 2654 cum
