1693 3110
301 144 379 187 DE
408 139 925 188 IMMORTALITATE
957 141 1149 185 ANIMI.
1255 145 1342 197 505

139 266 243 308 ctaei
266 276 385 308 antro
411 266 690 317 dormivisse,
719 274 758 305 et
787 275 881 305 curn
908 264 1001 306 Diis
1030 264 1338 306 immortalibus
1361 264 1498 315 sect-‚1-

140 340 320 394 degisse.
376 340 472 396 Qua
500 340 642 382 fabula
668 340 727 381 nn
747 339 859 380 anua
887 339 1173 392 significavit,
1202 341 1341 395 jiidice
1362 311 1495 383 3⁹:13&

138 415 331 460 Maximo
347 415 482 468 Tyrio
495 415 741 456 doctissimo
755 413 970 455 Platonico
983 445 998 465 .,
1021 415 1196 457 Dissert.
1224 415 1342 456 XVI.

141 493 182 545 §.
214 505 246 534 1.
278 504 398 543 quam
417 522 432 542 ‚
465 490 629 531 Animis
657 492 809 532 nostris
833 490 942 530 hanc-5
967 493 1101 531 vitam
1138 502 1219 531 csse
1242 501 1346 530 som-

141 571 287 617 nium,
320 580 391 608 nec
414 580 558 609 veram
589 569 741 609 vitam.
800 564 936 619 Quam
962 566 1204 608 sententiam
1229 574 1347 617 post-

140 656 188 686 ea
238 642 460 685 celebravit
506 642 763 684 Heraclitus.
855 642 975 684 Alter
1024 651 1085 686 est
1134 653 1346 686 PHERE-
1367 653 1536 693 Pherecy-

141 731 325 761 cvm-:s
364 731 412 759 ex
440 719 548 771 Syro
578 717 716 759 insula
750 726 897 768 ortus,
929 716 1189 769 Pythagorae
1221 717 1349 768 magi·
1368 697 1424 727 ‘¹⁶⁵

139 804 253 843 ster,
294 792 396 843 qui,
438 802 484 832 ut
513 792 570 833 ait
616 791 767 833 Cicero
798 789 930 833 Tisse.
969 789 1006 832 Ι.
1051 789 1118 832 16.
1156 791 1349 845 primum

139 872 284 924 dixit,
329 872 440 928 quod
479 871 644 927 quidem
683 870 820 911 literis
865 878 1021 921 exstet,
1066 871 1226 910 am‘mos
1269 881 1350 910 esse

136 951 346 991 hominum
391 950 681 1001 sempiternos,
763 945 892 1000 Quod
954 946 1008 986 ita
1057 945 1347 998 accipiendum

137 1033 230 1074 est,
259 1035 349 1064 eum
387 1021 563 1074 primum
598 1020 732 1062 fuisse
764 1033 905 1068 eorum
941 1020 1014 1072 qui
1046 1020 1151 1061 hanc
1185 1029 1349 1061 senten-

139 1098 237 1141 tiam
273 1098 425 1149 diserte
462 1097 591 1143 literis
638 1096 978 1150 consignassent.
1011 1141 1017 1144 ,
1051 1095 1132 1142 Sed
1171 1108 1256 1136 eam
1294 1108 1347 1138 an

139 1174 392 1229 argumentis
427 1172 760 1224 confirmaverit,
791 1183 830 1214 et
862 1185 967 1224 qnae
990 1171 1145 1213 fuerint
1176 1172 1246 1213 illa
1284 1184 1347 1213 ar-

139 1258 361 1304 gumenta,
395 1259 523 1298 quum
553 1245 801 1300 Pherecydis
824 1247 928 1295 liber
951 1246 1116 1301 perierit
1140 1256 1179 1293 et
1200 1258 1346 1290 aucto-

140 1328 209 1368 res'
236 1330 425 1374 taceant,
457 1323 714 1376 ignoramus,

143 1427 149 1433 -
214 1398 404 1442 Thaletis
457 1398 695 1451 discipulus
736 1397 818 1441 fuit
861 1411 1345 1452 ANAXIMANDER‚
1370 1407 1569 1446 Anaximans,

137 1477 249 1529 -qui,
282 1484 330 1519 ut
366 1474 535 1527 quidem
570 1475 762 1527 perhibet
799 1475 987 1522 eruditus
1018 1475 1203 1527 scriptor
1233 1474 1348 1515 The-
1369 1452 1440 1483 ω’

140 1554 336 1602 mimus,
377 1551 536 1603 primus
572 1550 684 1603 fuit,
730 1552 803 1602 qui
836 1553 885 1593 de
921 1551 1077 1596 Rerum
1114 1562 1262 1596 natura
1293 1550 1344 1592 li-

139 1629 261 1670 brum
294 1625 521 1668 scriberet:
565 1624 639 1667 Or.
669 1624 826 1674 XXVI,
858 1638 900 1678 p.
932 1637 1031 1678 317.
1100 1625 1212 1674 Huic
1247 1637 1347 1667 suc-

135 1705 265 1748 cessit
300 1714 733 1754 ANAXIMENES,
776 1702 900 1754 qu‘us
939 1702 1104 1743 nullum
1140 1701 1540 1754 scriptumstnaxffmffi

134 1779 269 1825 fuisse
304 1779 489 1824 videtur:
531 1791 666 1830 neque
699 1778 749 1820 de
791 1777 1001 1830 Epistolis
1038 1778 1088 1819 ad
1131 1772 1437 1831 Pythago—2¹¹⁶&

133 1869 247 1906 tam,
293 1867 399 1907 quae
431 1864 531 1895 sunt
563 1855 675 1906 apud
707 1854 936 1907 Diogenem
973 1853 1116 1895 Laert.
1144 1852 1204 1897 11.
1231 1866 1270 1908 4.
1299 1866 1340 1905 5.

137 1933 318 1979 dubitari
340 1933 486 1985 debet,
518 1934 622 1985 quin
654 1945 704 1974 ex
734 1933 958 1985 Sophistae
991 1932 1156 1979 officina
1184 1932 1348 1984 prodie-

135 2011 237 2051 rint.
299 2007 358 2055 Hi
392 2009 441 2053 de
474 2009 626 2056 Anima
661 2011 826 2062 quidem
863 2009 1054 2059 Thaletis
1100 2007 1345 2050 sententiam

135 2083 356 2132 retinuisse
388 2083 599 2128 videntur.
660 2085 769 2126 Nam
808 2094 963 2126 veteres
1001 2083 1256 2136 scriptores,
1301 2092 1347 2124 ut

139 2159 223 2211 fere
254 2159 463 2211 aliorum,
494 2160 549 2209 ita
574 2160 724 2208 horum
761 2173 805 2203 ea
838 2161 878 2202 in
911 2160 1059 2214 primis
1084 2159 1240 2212 placita
1265 2170 1347 2201 me·

139 2250 386 2292 morarum,
419 2241 576 2293 quibus
614 2254 634 2283 a
671 2239 881 2294 magistris
914 2236 1232 2279 dissentiebant.

132 2343 144 2363 4
188 2314 460 2365 Anaximenis
501 2315 740 2368 discipulus
777 2313 859 2354 fuit
908 2323 1342 2362 ANAXAGORAS,
1368 2332 1533 2372 Anaxago-

133 2390 233 2443 qui,
278 2397 324 2430 ut
360 2389 409 2430 de
445 2388 601 2435 Divina
634 2390 785 2433 natura
829 2388 1078 2440 praeclarius
1120 2386 1345 2438 veriusque
1365 2383 1431 2407 ‘³⁵⁸

133 2464 265 2518 sensit
298 2476 420 2521 quarn
456 2464 647 2521 priores,
682 2465 737 2505 ita
771 2464 820 2504 de
849 2463 1100 2512 Animorum
1134 2464 1345 2503 immorta-
