1693 3110
374 176 480 222 DE
546 175 1000 222 UNITATE
1065 179 1239 225 D-Et.
1340 191 1428 240 375

188 299 439 352 tradantur,
484 309 531 343 ut
571 308 793 354 perceptae
836 311 965 354 sunt,
1015 302 1191 346 cuilibet
1233 304 1421 357 pretium

193 388 319 429 suum
335 377 645 429 auctoritasque
660 389 733 418 sua
754 386 993 431 statuatur,
1019 389 1153 422 certae
1178 388 1226 421 ut
1247 389 1384 429 certae
1396 403 1424 432 ,-

190 454 371 498 incertae
391 464 438 497 ut
458 455 666 506 incertae,
699 453 946 497 verisimiles
971 465 1019 497 ut
1039 456 1287 501 verisimiles
1314 468 1417 509 pro-

190 541 432 585 ponantur,
452 543 592 584 neque
607 531 794 573 veritatis
820 533 973 585 gradus
997 533 1239 577 turbentur.
1280 533 1411 576 Dein·

197 607 248 648 de
267 609 317 649 ad
338 608 477 661 ipsius
511 608 699 650 veritatis
724 608 913 650 studium
942 609 1207 661 perniciosus
1228 619 1312 653 erat
1333 610 1416 652 iste

192 695 308 728 mOS.
365 683 498 726 Multi
531 684 668 735 enim,
699 683 774 736 qui
802 683 1128 726 Mathematicae
1155 685 1418 726 demonstra-

194 759 329 802 tionis
354 761 496 814 specie
517 759 702 804 fuissent
728 761 919 813 decepti,
952 773 1162 814 suumque
1186 770 1332 815 postea
1352 773 1419 805 er-.

190 848 327 880 rorem
351 837 623 889 agnovissent
638 867 654 888 ,
684 838 888 880 commoti
908 837 1066 880 fraudis
1089 837 1413 891 indignatione,

191 913 333 954 omnia
365 913 493 955 simul
536 923 648 955 certa
681 925 780 954 eum
827 913 1003 965 dubiis,
1039 924 1135 955 vera
1166 925 1261 954 cum
1296 911 1417 956 falsis

188 987 459 1043 abjecerunt,
502 998 627 1041 atque
660 997 789 1031 totam
829 990 930 1031 adeo
963 990 1194 1032 doctrinam
1229 988 1423 1042 repudia-

191 1073 312 1105 runt.
355 1062 456 1117 Quo
481 1063 615 1117 magis
642 1063 745 1106 mihi
770 1064 1010 1106 enitendum
1033 1075 1128 1105 esse
1148 1064 1296 1115 video,
1318 1063 1422 1106 Cla·-

193 1143 352 1187 rissirni
377 1144 499 1196 Viri,
532 1157 583 1186 ne
619 1144 757 1186 obsim
791 1143 1006 1186 doctrinae
1038 1142 1139 1185 huic
1172 1142 1421 1194 universae,

193 1222 294 1263 dum
323 1221 412 1275 ejus
435 1221 542 1273 parti
566 1219 809 1262 satisfacere
831 1219 1001 1260 studeo.
1047 1219 1181 1272 Igitur
1204 1219 1310 1260 hanc
1333 1221 1420 1261 dis·

190 1296 451 1348 putationem
493 1295 550 1336 ita
587 1294 849 1348 suscipiam,
890 1307 978 1337 non
1016 1305 1063 1336 ut
1088 1295 1201 1347 apud
1241 1306 1305 1335 me
1331 1295 1418 1347 jam

187 1371 471 1414 constitutum
499 1371 585 1423 sit,
618 1372 721 1423 quid
746 1371 936 1412 evincere
961 1370 1113 1414 velim:
1141 1372 1214 1413 sed
1239 1383 1286 1413 ut
1302 1403 1318 1424 ,
1343 1385 1423 1425 po·

186 1451 282 1493 sitis
318 1451 443 1492 certis
481 1450 700 1503 firmisque
733 1450 892 1501 initiis,
932 1451 1234 1502 quodcumque
1280 1463 1329 1492 ex
1363 1451 1416 1497 iis

182 1529 299 1583 justa
334 1527 614 1568 conclusione
659 1524 855 1566 effectum
895 1525 979 1575 sit,
1019 1525 1128 1567 iilud
1172 1533 1328 1567 teneam
1371 1539 1419 1568 ac

189 1613 306 1646 tuear
321 1634 336 1656 ,
357 1614 484 1655 atque
507 1611 552 1642 ut
574 1601 752 1655 abjectis
782 1600 1061 1653 opinionibus
1086 1601 1382 1654 praejudicatis
1399 1630 1417 1653 ,

187 1693 313 1723 unam
338 1681 565 1731 rationem,
583 1679 637 1721 ad
658 1689 969 1731 quemcumque
995 1689 1060 1719 me
1085 1678 1211 1719 ducat
1233 1678 1420 1730 exitum,

186 1770 352 1810 sequar.

244 1832 470 1882 Ceterum,
525 1843 655 1883 quum
697 1830 888 1883 quaestio
919 1842 941 1872 a
983 1829 1122 1872 Vobis
1160 1830 1331 1884 posita,
1364 1830 1420 1876 V.

184 1909 245 1952 V.
278 1908 380 1959 CL,
422 1908 527 1949 duas
553 1907 700 1950 habeat
731 1917 899 1960 partes:
940 1908 1138 1959 alteram,
1179 1907 1314 1960 ipsam
1356 1921 1421 1955 ra-

186 1988 350 2029 tionum
377 1994 806 2037 argumentorumque
845 1984 1192 2036 disceptationem
1211 2014 1225 2036 ,
1259 1984 1418 2040 quibus

183 2061 385 2107 efficiatur
406 2072 492 2102 non
516 2061 657 2112 plures
682 2072 774 2102 esse
796 2073 882 2102 uno
902 2060 1022 2102 Deo:
1055 2061 1222 2102 alteram
1239 2088 1257 2112 ‚
1288 2061 1419 2114 expli·

184 2138 393 2178 cationem
433 2136 683 2188 opinionum
704 2167 719 2188 ,
753 2149 857 2188 quae
892 2137 942 2178 de
967 2137 1049 2178 hoc
1072 2136 1170 2178 loco
1196 2136 1422 2179 valuerunt

181 2212 296 2261 apud
330 2220 472 2263 gentes
511 2212 736 2255 destitutas
768 2211 934 2253 divinae
972 2210 1189 2254 doctrinae
1212 2211 1336 2262 luce,
1370 2219 1420 2251 ut

184 2295 408 2338 appareat,
443 2296 648 2338 quantum
682 2288 765 2341 ipsi
799 2300 901 2329 suae
935 2297 1105 2331 naturae
1143 2287 1306 2328 viribus
1337 2287 1418 2330 ho-

185 2360 317 2403 mines
344 2361 385 2402 in
416 2363 504 2415 ejus
544 2364 627 2405 loci
654 2363 901 2418 cognitione
933 2363 1197 2414 scientiaque
1222 2362 1416 2413 profece-

184 2438 294 2479 rint:
327 2439 483 2482 dabitis
517 2442 650 2494 mihi,
694 2452 741 2483 ut
773 2455 929 2496 spero,
971 2443 1080 2484 hanc
1122 2442 1314 2492 venian,
1353 2442 1411 2482 V.

182 2509 240 2554 V.
273 2511 374 2567 Ch,
407 2523 454 2557 ut
479 2516 659 2571 primum
688 2517 822 2561 dicam
849 2517 899 2557 de
928 2526 1045 2568 parte
1068 2516 1289 2561 historica.
1329 2512 1419 2559 Ha·

863 2595 938 2642 Aa
977 2609 1006 2649 4
1343 2592 1416 2638 be·
