1693 3110
243 178 341 223 420.
551 126 1162 205 DtsPUTATto

247 301 343 332 cum
380 287 465 337 iis,
497 282 571 337 qui
599 291 698 335 post
732 293 824 324 eum
874 280 1060 336 ejusdem
1086 289 1259 322 caussae
1282 279 1467 332 patronio·

248 364 363 406 nium
404 367 717 411 susceperunt,
762 355 1034 407 conferatur,
1067 353 1296 395 modestiae
1323 351 1467 404 profe·

247 450 320 481 cto
360 437 520 478 laudem
566 445 784 476 mereatur.
853 433 936 475 Hic
977 444 1106 474 unum
1141 430 1225 473 sibi
1261 434 1468 471 sumserat

246 518 355 558 hoc:
410 514 662 569 Judaeorum
690 522 843 553 nomen
871 521 958 552 non
982 511 1073 563 ejus
1100 507 1282 561 regionis
1307 506 1468 548 finibus

249 592 621 643 circumscriptum
648 589 811 639 fuisse,
839 588 909 628 sed
934 596 1046 628 extra
1069 597 1141 627 eos
1168 586 1219 626 ad
1243 585 1345 626 alias
1369 594 1471 635 gen-

249 679 312 712 tes
336 669 629 723 personuisse.
690 666 749 708 Et
776 666 812 706 si
838 663 1037 705 omnibus
1060 660 1317 715 argumentis
1340 672 1386 701 ac
1407 668 1470 701 te-

254 745 499 795 stimoniis,
534 755 639 795 quae
662 744 711 782 ad
743 742 849 781 hanc
876 739 1144 781 obtinendam
1181 748 1369 779 caussam
1402 747 1473 777 ex·

246 823 384 867 ,citata
411 821 694 872 explicitaque
723 826 822 858 sunt
848 816 898 856 ab
923 828 997 867 eo,
1032 826 1109 857 sua
1133 823 1346 856 constaret
1368 812 1472 857 fides

254 909 294 939 et
327 896 588 939 auctoritas:
635 894 770 934 nihilo
805 903 942 934 tamen
976 890 1108 944 mag‘s
1144 890 1240 932 inde
1276 888 1477 932 conficia-

256 983 352 1023 tur,
396 972 513 1024 quod
548 984 600 1012 ne
633 971 723 1023 ipse
769 969 936 1021 quidem
982 966 1192 1020 spectavit
1230 966 1476 1022 josephus,

259 1063 355 1092 cum
394 1049 565 1090 nomine
591 1047 849 1102 Judaeorum
875 1043 1004 1086 simul
1036 1043 1184 1084 famam
1214 1054 1339 1097 atque
1364 1043 1478 1085 noti-

259 1127 356 1167 tiam
385 1127 434 1166 de
470 1124 694 1176 Religione
728 1133 767 1163 et
798 1121 933 1164 Cultu
963 1133 1105 1162 eorum
1144 1120 1474 1174 percrebruisse.

260 1201 401 1243 Patres
449 1187 776 1249 Ecclesiastici‚
815 1209 1068 1249 quamquam
1120 1210 1254 1240 novas
1291 1195 1476 1238 rationes

244 1262 403 1320 'nullas
453 1276 723 1324 adtulerunt,
764 1272 837 1313 sed
883 1272 934 1313 ab
981 1272 1172 1326 Josepho
1209 1271 1339 1313 veluti
1380 1282 1483 1322 pen·

266 1356 363 1396 dent
383 1383 397 1403 ‚
429 1350 687 1392 confidenter
715 1349 941 1400 affirmant,
967 1349 1156 1391 Graecos
1182 1361 1203 1390 a
1220 1346 1391 1403 Judaeis
1413 1359 1485 1388 ve-

263 1443 330 1472 ras
372 1431 421 1469 de
460 1428 550 1469 Deo
584 1424 783 1466 notiones
810 1424 1043 1476 accepisse.
1099 1424 1191 1478 Jam
1226 1425 1483 1466 recentiores

267 1504 418 1555 etiam,
451 1501 582 1543 nullis
621 1499 807 1553 cognitis
842 1487 1113 1551 rationibus,
1158 1500 1327 1541 eandem
1365 1509 1486 1541 tuen-

265 1590 336 1623 tur
361 1578 640 1628 sententiam,
672 1588 718 1618 ac
744 1575 777 1616 si
806 1587 870 1616 res
895 1574 987 1627 ipsa
1011 1577 1232 1628 loquatur.
1292 1575 1354 1617 Ita
1385 1587 1484 1618 cum

267 1656 504 1713 ignorantia
541 1652 695 1694 crescit
727 1650 948 1706 judicandi
1002 1653 1230 1695 temeritas.
1304 1651 1386 1694 Hic
1423 1660 1489 1695 est

265 1737 338 1779 ilie
369 1733 468 1775 fons
500 1740 684 1772 errorum
704 1758 718 1779 ,
752 1726 911 1779 quibus
945 1727 1092 1780 multi,
1126 1740 1265 1782 neque
1292 1728 1486 1782 indocti,

237 1798 558 1862 decipiuntur.
619 1803 748 1860 Quod
781 1802 818 1844 si
853 1801 962 1843 enim
989 1801 1236 1857 diligentius
1270 1804 1312 1847 in
1349 1783 1488 1848 rerum

275 1886 543 1937 antiquarum
588 1880 749 1921 ratione
792 1878 981 1920 studium
1019 1889 1251 1932 ponerent,
1291 1880 1488 1934 profecto

273 1965 324 2005 de
347 1961 412 2002 his
443 1957 622 2008 aliisque
653 1954 799 1996 multis
826 1952 951 1997 rebus
977 1953 1146 1998 acutius
1174 1957 1398 2010 veriusque
1417 1959 1489 2013 J'u·

271 2038 477 2081 dicarent.
540 2031 668 2074 Nunc
702 2030 892 2084 plerique
918 2030 1184 2083 antiquitatis
1209 2044 1334 2075 unam
1359 2035 1491 2077 attin.

276 2121 385 2169 gunt
409 2120 593 2165 partem,
626 2119 733 2160 quae
759 2106 883 2148 rebus
902 2105 1090 2160 judaicis
1115 2107 1384 2163 continetur3
1417 2123 1491 2153 ne.

278 2201 360 2241 que
408 2199 496 2228 eam
537 2183 757 2238 diligenter
795 2191 1008 2235 tractant,
1052 2192 1100 2224 ut
1140 2194 1333 2226 accurate
1364 2186 1415 2227 de
1448 2198 1495 2229 ea

284 2263 521 2306 existimare
552 2262 748 2315 possint3
782 2259 941 2302 Graeca
973 2269 1013 2300 et
1051 2268 1213 2302 externa
1249 2262 1489 2316 negligunt.

277 2337 417 2394 Igitur
457 2349 538 2379 suo
562 2337 745 2389 quisque
769 2338 942 2379 modulo
976 2348 1040 2377 res
1062 2336 1260 2389 antiquas
1295 2337 1497 2380 metitur:

281 2427 324 2459 et
371 2426 457 2467 quo
496 2412 592 2464 quiS
632 2414 778 2456 rudior
811 2422 874 2455 est
909 2411 959 2454 ab
993 2411 1272 2468 antiquitate,
1315 2413 1371 2456 ita
1406 2424 1497 2454 eam

1420 2487 1504 2541 Ju-
