1693 3110
468 171 577 218 AD
642 165 1166 219 BOS'CHIU'M.
1367 175 1438 221 σε’

210 288 605 340 Remonstrantium
624 295 783 348 collega
799 325 813 346 ‚
832 293 915 336 fuit
938 307 1035 338 sane
1057 296 1204 338 multis
1226 296 1291 340 vir
1313 297 1433 352 inge-ff

215 373 277 415 nii
308 373 480 416 dotibus
509 380 712 420 ornatus,
743 369 964 422 idemque,
996 383 1043 413 ut
1074 374 1115 414 in
1150 373 1341 415 materiae
1363 388 1436 416 va·-

219 448 388 501 rietate,
418 450 661 502 perdoctus.
709 445 818 486 Nam
841 446 933 498 ipse
952 457 1071 489 antea
1092 448 1253 492 Literas
1277 461 1315 492 et
1337 450 1438 492 Phi-

219 523 458 576 losophiam
498 522 727 572 docuerat,
761 532 864 562 tuno
899 521 1178 576 Tlreologiam
1214 535 1254 567 et
1284 526 1438 569 Histo-

223 598 322 640 riam
355 596 699 639 Ecclesiasticam
729 597 933 650 docebat3
967 607 1017 639 utv
1051 600 1274 652 utriusque
1295 602 1437 643 cathe-

215 673 310 714 drae
333 681 468 724 partes
500 672 693 725 cognitas
732 672 882 714 habere
908 672 1095 724 deberet,
1133 683 1173 714 et
1198 675 1362 716 haberet
1385 677 1437 718 ad

217 755 310 786 eum
332 756 442 786 certe
463 746 661 796 modum,
691 757 781 797 quo
799 755 838 786 et
860 746 1125 789 discentibus
1148 747 1441 802 satisfaceret,

218 832 258 863 et
292 823 403 874 apud
434 823 539 864 aiios
582 821 773 864 homines
800 823 916 865 docti
939 822 1202 872 Professor-is
1228 826 1441 868 existima-

217 899 376 940 tionem
403 907 601 940 tueretur.
662 898 827 939 Natura·
854 897 891 938 ei
914 910 1002 939 eam
1030 899 1236 941 sermonis
1264 900 1441 941 faculta-

225 985 307 1017 tem
333 1007 349 1028 ‚
399 987 492 1016 eum
529 976 696 1017 vultu-m
735 975 1046 1026 oculorumque
1087 974 1441 1028 significationem
1471 1012 1475 1016 ,

221 1050 454 1103 tribuerat,
499 1060 545 1092 ut
580 1051 706 1092 dictis
738 1052 828 1092 suis
865 1052 1046 1093 multum
1081 1051 1147 1093 vel
1183 1053 1339 1105 gratiae
1375 1053 1444 1093 vel

224 1128 494 1170 auctoritatis·
521 1128 666 1169 addere
693 1137 866 1180 posset:
900 1138 1103 1181 praeterea
1125 1128 1168 1169 in
1193 1127 1444 1179 scribendo,

225 1201 435 1245 scribebat
460 1211 595 1243 autem
622 1201 817 1255 Belgice,
847 1202 1056 1257 ejusmodi
1081 1202 1245 1245 valebat
1269 1216 1447 1256 compo·

224 1277 395 1322 sitionis
429 1278 714 1330 proprietate,
761 1291 842 1330 qua
868 1289 1110 1332 argumenta
1150 1279 1201 1320 ab
1237 1278 1331 1321 aliis
1358 1279 1445 1333 jam

227 1364 432 1407 tractata,
466 1367 540 1397 sua
582 1355 674 1408 ipse
699 1355 888 1398 doctrina
911 1366 951 1398 et
974 1356 1136 1399 ratione
1167 1357 1226 1399 ita
1255 1365 1450 1399 retracta·

222 1442 312 1484 ret,
358 1443 405 1474 ut
440 1445 550 1475 nova
593 1442 633 1474 et
672 1433 811 1486 ipsius
850 1432 1019 1486 ingenio
1058 1442 1153 1474 nata
1188 1433 1446 1474 viderentur.

225 1509 337 1553 Nam
363 1521 402 1551 et
425 1512 507 1551 sale
530 1510 769 1551 abundabat
793 1519 832 1550 et
852 1509 1104 1550 festivitate:
1134 1506 1292 1560 quibus
1315 1519 1447 1559 quum

222 1583 423 1636 frequens
447 1593 662 1635 uteretur,
693 1583 874 1624 subinde
908 1594 1083 1634 quoque
1116 1582 1233 1623 abuti
1271 1583 1449 1635 putaba-

226 1669 311 1702 tur.
373 1659 552 1710 Aliquot
587 1667 682 1700 ante
719 1658 883 1699 obitum
907 1658 1059 1710 annis,
1092 1657 1316 1699 oculorum
1350 1658 1450 1700 visu

225 1738 404 1790 captus,
424 1735 695 1777 calamitatem
721 1736 924 1787 patienter
944 1735 1070 1777 tulit:
1096 1736 1212 1786 quod
1244 1746 1444 1788 magnum

229 1812 424 1866 prosecto
474 1811 558 1852 fuit
606 1811 649 1852 in
694 1811 892 1863 homine,
938 1811 1012 1863 qui
1057 1812 1182 1852 vitam
1218 1811 1260 1853 in
1292 1810 1449 1854 Literis

227 1904 276 1934 ac
295 1891 414 1933 libris
432 1891 706 1945 transegisset
721 1921 734 1943 ,
761 1902 1009 1942 semperque
1031 1888 1194 1941 aliquid
1218 1887 1449 1941 scriberet,

228 1967 344 2019 quod
378 1968 443 2008 vel
476 1978 586 2019 suo,
622 1966 688 2008 vel
711 1967 876 2017 alieno,
899 1966 967 2008 vel
999 1965 1118 2007 nullo
1153 1965 1323 2007 nomme
1358 1965 1454 2007 ede·

225 2053 304 2087 ret.
365 2042 449 2084 Hic
487 2055 598 2085 unus
637 2045 659 2085 e
698 2043 823 2086 nobis
859 2042 989 2084 fatum
1021 2043 1102 2096 Jam
1143 2053 1266 2083 suum
1304 2040 1454 2094 imple-

228 2121 320 2165 vit:
354 2120 410 2162 sit
437 2120 499 2161 illi
529 2124 657 2176 κουφὴ
681 2119 805 2170 adure!
850 2120 1047 2172 Reliquis
1082 2120 1208 2161 nobis
1247 2121 1357 2161 Deus
1388 2118 1446 2162 O.

228 2195 297 2240 Μ.
331 2207 371 2239 et
401 2207 589 2240 mutuam
628 2197 958 2239 benevolentiam
985 2205 1157 2248 servet,
1183 2205 1224 2237 et
1247 2194 1452 2248 reliquam

227 2273 358 2316 vitam
393 2273 638 2327 exitumque
664 2273 829 2317 facilem
855 2272 970 2316 duit!

288 2350 424 2402 Igitur
453 2362 548 2391 cum
582 2351 669 2393 illis
702 2350 902 2404 frequens
937 2349 1064 2393 nobis
1093 2348 1179 2392 fuit
1213 2358 1448 2392 consuetu-

230 2425 310 2467 do:
332 2434 372 2465 at
390 2425 611 2468 nobiscum
635 2426 803 2468 duobus
827 2426 1004 2468 invicem
1027 2425 1299 2479 quotidianus
1317 2435 1447 2465 usus:

240 2512 401 2544 eramus
444 2512 572 2544 unum
608 2504 836 2547 amicorum
884 2516 985 2556 par:
1031 2503 1166 2556 seria,
1202 2502 1331 2557 joca,
1372 2511 1454 2552 pu-

1376 2575 1461 2616 bli„
