1693 3110
277 185 358 235 DE
388 187 905 255 IMMORTALITATE
936 185 1129 232 ANIMI.
1234 190 1311 242 641

106 311 216 357 citas
229 313 392 356 duabus
415 311 499 355 fere
516 312 757 355 continetur
779 311 999 364 partibusz
1030 312 1186 363 altera,
1201 311 1313 364 quie·
1336 317 1431 393 {531
1433 314 1494 395 ἔξω

108 397 152 432 te
174 404 220 432 ac
243 391 453 433 vacuitate
470 390 746 442 cupiditatum
769 397 821 430 et*
838 387 1226 440 perturbationum:
1258 387 1319 429 al-

105 469 219 518 tera,
240 465 592 518 contemplatione
617 476 748 505 rerum
778 463 1019 504 coelestium
1038 491 1055 514 ‚
1088 474 1195 516 quae
1218 474 1320 515 qua-

103 543 146 586 si
174 545 376 596 pabulum
401 543 649 587 Animorum
675 550 766 582 est:
806 537 938 583 Conf.
983 538 1092 592 Cap.
1118 551 1316 593 17-20t

161 618 372 674 Quamvis
393 619 520 671 igitur
542 626 641 659 sunt
662 615 911 668 Philosophi
940 615 1014 668 qui
1032 616 1318 670 contendant,

101 693 310 738 Animum
350 694 541 747 Corpore
575 694 764 735 solutum
803 691 977 744 omnino
1016 691 1123 733 nihil
1159 704 1248 733 esse
1274 704 1320 734 ac

105 771 335 814 subsistere
370 783 454 813 non
491 782 641 824 posse:
689 770 837 811 horum
868 771 1072 811 sententia
1102 771 1322 822 repudian-

107 846 161 888 da
185 857 263 889 est.
322 846 430 888 Nam
456 846 491 888 si
522 846 662 888 omnia
684 858 757 898 ea,
788 857 967 898 quorum
1007 857 1087 887 nos
1121 848 1321 888 rationem

107 923 345 975 perspicere
376 935 461 965 non
494 933 754 975 possumus,
786 922 970 975 neganda
1002 922 1117 964 sint:
1148 932 1323 975 negetur

106 1007 280 1048 quoque
310 996 443 1038 Deum
482 1009 605 1048 esse,
651 1005 823 1050 negetur
867 995 1038 1049 Corpus
1078 995 1129 1036 ab
1165 997 1322 1037 Animo

107 1071 357 1124 gubernari,
393 1084 598 1126 negentur
634 1072 812 1124 plurima
847 1071 953 1122 alia,
992 1082 1097 1124 quae
1131 1081 1230 1112 sunt
1263 1080 1326 1112 ta·

109 1157 235 1199 men,
267 1149 458 1199 quamvis
484 1160 624 1189 eorum
651 1148 832 1191 rationes
861 1148 1114 1199 modumque
1148 1158 1233 1188 non
1259 1146 1323 1188 in-

105 1224 360 1278 telligamus,
435 1223 516 1266 Sed
553 1224 732 1266 Animos
770 1237 862 1266 esse
896 1225 1200 1276 sempiternos,
1226 1223 1325 1276 quia

108 1299 188 1342 sua
214 1313 289 1343 nec
325 1300 459 1342 aliena
485 1300 527 1342 vi
562 1309 812 1351 moventur,
853 1299 974 1341 Plato
1007 1309 1087 1341 tam
1110 1301 1326 1352 eleganter

109 1385 158 1416 ac
182 1374 395 1416 subtiliter
432 1373 674 1427 explicuit,
707 1382 755 1414 ut
787 1373 848 1415 nil
880 1386 1007 1427 supra
1039 1373 1126 1415 fieri
1152 1374 1320 1426 possit:

105 1450 243 1493 Conf.
276 1451 382 1502 Cap.
411 1462 459 1492 21
495 1471 549 1483 -ν
580 1462 647 1502 23.
721 1448 817 1491 Hoc
860 1457 925 1490 est
962 1448 1070 1490 illud
1109 1461 1326 1502 argumen-

110 1532 199 1566 tum
228 1539 250 1566 a
278 1525 450 1568 Platone
487 1525 530 1566 in
561 1524 745 1582 Phaedro
780 1525 1048 1578 expositum:
1081 1525 1132 1567 de
1168 1537 1253 1578 quo
1279 1527 1324 1569 in

107 1602 303 1646 Sectione
330 1601 385 1644 V.
421 1601 622 1644 diximus.

168 1678 298 1731 Quod
326 1678 362 1719 si
401 1690 528 1730 porro
570 1680 884 1723 consideremus
922 1673 1146 1724 facultates
1179 1679 1326 1724 Animi

114 1755 282 1797 humani
299 1786 312 1806 ‚
343 1767 449 1806 quae
474 1765 692 1797 versantur
715 1756 756 1798 in
784 1757 1112 1809 reminiscendo,
1132 1757 1328 1812 judican-

113 1831 197 1882 do,
229 1831 475 1873 inveniendo
492 1858 508 1883 a
539 1832 702 1874 artibus
728 1845 773 1875 ac
802 1833 1065 1887 disciplinis3
1090 1837 1207 1878 nullo
1233 1848 1326 1876 mo.

116 1908 172 1949 do
201 1909 374 1949 concedi
400 1917 569 1961 potest,
596 1908 796 1951 Animum
821 1921 913 1954 esse
936 1924 1198 1965 corporeum.
1242 1913 1324 1956 Sed

60 2032 68 2041 ι
109 1984 419 2038 cujuscumque
446 1987 604 2026 tandem
651 1995 714 2027 est
753 1996 949 2040 naturae,
980 1997 1089 2031 certe
1126 1998 1188 2030 est
1218 1990 1325 2034 divi-

108 2072 219 2113 nus,
257 2072 296 2103 et
323 2061 478 2103 i-icirco
501 2071 707 2105 aeternus.
740 2060 839 2104 Vid.
874 2064 984 2116 Cap.
1016 2078 1068 2118 24
1091 2085 1145 2098 --
1166 2077 1237 2122 29,

169 2137 313 2190 Ergo,
344 2150 450 2190 quae
475 2150 522 2180 ex
548 2139 614 2180 his
638 2138 771 2182 initiis
798 2141 988 2193 exstitit9
1019 2141 1205 2185 Socratis
1228 2156 1322 2187 sen-

112 2214 244 2255 tentia
268 2214 498 2265 probabilis
525 2215 663 2258 haberi
690 2216 836 2259 debet:
874 2230 974 2270 eos,
997 2219 1070 2271 qui
1099 2220 1174 2262 hac
1200 2222 1242 2265 in
1262 2222 1326 2264 vi-

118 2293 160 2332 ta
191 2292 255 2341 pie
281 2303 476 2344 casteque
499 2294 738 2346 degissent‚
762 2295 812 2336 ad
838 2295 953 2338 Deos
979 2297 1135 2350 redire,
1159 2311 1324 2342 eorum-

118 2379 202 2419 que
222 2371 527 2411 consuetudine
555 2372 696 2413 beatos
725 2370 839 2412 forez
875 2373 946 2424 qui
981 2385 1078 2416 vero
1111 2376 1228 2418 vitiis
1251 2377 1326 2419 fla-

116 2442 316 2494 gitiisque
353 2455 396 2486 se
430 2446 798 2500 inquinavissent,
830 2449 895 2492 his
931 2451 1096 2493 devium
1123 2465 1213 2495 esse
1245 2454 1325 2496 iter

117 2517 327 2559 seclusum
355 2532 376 2562 a
399 2521 583 2566 concilio
603 2523 808 2568 Deorum.
868 2525 1001 2569 Stoici
1026 2537 1195 2580 autem,
1226 2529 1327 2570 ami·

169 2588 263 2635 Vol.
294 2594 347 2636 Π.
795 2596 857 2639 Ss
1283 2600 1326 2650 ci
