<?xml version="1.0" encoding="UTF-8"?>
<!DOCTYPE html PUBLIC "-//W3C//DTD XHTML 1.0 Transitional//EN"
    "http://www.w3.org/TR/xhtml1/DTD/xhtml1-transitional.dtd">
<html xmlns="http://www.w3.org/1999/xhtml" xml:lang="en" lang="en">
 <head>
  <title>
</title>
<meta http-equiv="Content-Type" content="text/html;charset=utf-8" />
  <meta name='ocr-system' content='tesseract 3.04.00' />
  <meta name='ocr-capabilities' content='ocr_page ocr_carea ocr_par ocr_line ocrx_word'/>
</head>
<body>
  <div class='ocr_page' id='page_1' title='image "./opusculavariiarg02wytt/opusculavariiarg02wytt_0649.png"; bbox 0 0 1693 3110; ppageno 0'>
   <div class='ocr_carea' id='block_1_1' title="bbox 321 177 1349 240">
    <p class='ocr_par' dir='ltr' id='par_1_1' title="bbox 321 177 1349 240">
     <span class='ocr_line' id='line_1_1' title="bbox 321 177 1349 240; baseline -0.006 -9"><span class='ocrx_word' id='word_1_1' title='bbox 321 184 401 231; x_wconf 80' lang='lat' dir='ltr'>DE</span> <span class='ocrx_word' id='word_1_2' title='bbox 429 181 948 230; x_wconf 77' lang='lat' dir='ltr'><strong>IMMORTALITATE</strong></span> <span class='ocrx_word' id='word_1_3' title='bbox 983 177 1174 226; x_wconf 77' lang='lat' dir='ltr'>ANmi.</span> <span class='ocrx_word' id='word_1_4' title='bbox 1263 179 1349 240; x_wconf 69' lang='lat'>633</span> 
     </span>
    </p>
   </div>
   <div class='ocr_carea' id='block_1_2' title="bbox 147 304 1572 2649">
    <p class='ocr_par' dir='ltr' id='par_1_2' title="bbox 147 304 1572 2649">
     <span class='ocr_line' id='line_1_2' title="bbox 147 304 1539 362; baseline 0.001 -12"><span class='ocrx_word' id='word_1_5' title='bbox 147 320 234 362; x_wconf 74' lang='lat' dir='ltr'>pus</span> <span class='ocrx_word' id='word_1_6' title='bbox 259 307 478 362; x_wconf 82' lang='lat' dir='ltr'>Physicam</span> <span class='ocrx_word' id='word_1_7' title='bbox 512 318 552 349; x_wconf 90' lang='lat' dir='ltr'>et</span> <span class='ocrx_word' id='word_1_8' title='bbox 580 306 846 350; x_wconf 84' lang='lat' dir='ltr'>Dialecticam</span> <span class='ocrx_word' id='word_1_9' title='bbox 881 304 1178 357; x_wconf 77' lang='lat' dir='ltr'>Philosophiae</span> <span class='ocrx_word' id='word_1_10' title='bbox 1201 314 1354 358; x_wconf 82' lang='lat' dir='ltr'>partem</span> <span class='ocrx_word' id='word_1_11' title='bbox 1383 320 1466 349; x_wconf 74' lang='lat' dir='ltr'>sect.</span> <span class='ocrx_word' id='word_1_12' title='bbox 1484 314 1539 352; x_wconf 66' lang='lat' dir='ltr'>lx.</span> 
     </span>
     <span class='ocr_line' id='line_1_3' title="bbox 155 361 1508 436; baseline -0.002 -12"><span class='ocrx_word' id='word_1_13' title='bbox 155 384 460 436; x_wconf 77' lang='lat' dir='ltr'>repudiaverit,</span> <span class='ocrx_word' id='word_1_14' title='bbox 492 382 739 434; x_wconf 79' lang='lat' dir='ltr'>intelligitur</span> <span class='ocrx_word' id='word_1_15' title='bbox 766 379 931 432; x_wconf 85' lang='lat' dir='ltr'>quidem</span> <span class='ocrx_word' id='word_1_16' title='bbox 956 380 1087 430; x_wconf 85' lang='lat' dir='ltr'>hinc,</span> <span class='ocrx_word' id='word_1_17' title='bbox 1116 392 1209 422; x_wconf 88' lang='lat' dir='ltr'>eum</span> <span class='ocrx_word' id='word_1_18' title='bbox 1234 380 1359 422; x_wconf 86' lang='lat' dir='ltr'>ratio·</span> <span class='ocrx_word' id='word_1_19' title='bbox 1382 361 1508 434; x_wconf 55' lang='grc' dir='ltr'>ξζᾏῖξε</span> 
     </span>
     <span class='ocr_line' id='line_1_4' title="bbox 147 443 1572 510; baseline -0.003 -7"><span class='ocrx_word' id='word_1_20' title='bbox 147 472 224 503; x_wconf 82' lang='lat' dir='ltr'>nes</span> <span class='ocrx_word' id='word_1_21' title='bbox 262 459 622 510; x_wconf 88' lang='lat' dir='ltr'>Immortalitatis,</span> <span class='ocrx_word' id='word_1_22' title='bbox 668 470 772 510; x_wconf 81' lang='lat' dir='ltr'>quas</span> <span class='ocrx_word' id='word_1_23' title='bbox 814 457 993 509; x_wconf 88' lang='lat' dir='ltr'>Physica</span> <span class='ocrx_word' id='word_1_24' title='bbox 1028 469 1122 509; x_wconf 89' lang='lat' dir='ltr'>pars</span> <span class='ocrx_word' id='word_1_25' title='bbox 1163 443 1572 509; x_wconf 60' lang='lat' dir='ltr'>praebet,c³&#39;¹‘¹³³¹⁰⁸·</span> 
     </span>
     <span class='ocr_line' id='line_1_5' title="bbox 149 533 1363 588; baseline -0.002 -10"><span class='ocrx_word' id='word_1_26' title='bbox 149 534 277 578; x_wconf 78' lang='lat' dir='ltr'>simul</span> <span class='ocrx_word' id='word_1_27' title='bbox 310 536 568 587; x_wconf 86' lang='lat' dir='ltr'>repudiasse.</span> <span class='ocrx_word' id='word_1_28' title='bbox 627 534 770 585; x_wconf 66' lang='lat' dir='ltr'>Nam,</span> <span class='ocrx_word' id='word_1_29' title='bbox 811 533 929 584; x_wconf 87' lang='lat' dir='ltr'>quod</span> <span class='ocrx_word' id='word_1_30' title='bbox 965 544 1029 576; x_wconf 88' lang='lat' dir='ltr'>est</span> <span class='ocrx_word' id='word_1_31' title='bbox 1061 534 1174 586; x_wconf 87' lang='lat' dir='ltr'>apud</span> <span class='ocrx_word' id='word_1_32' title='bbox 1206 535 1363 588; x_wconf 81' lang='lat' dir='ltr'>Dioge--</span> 
     </span>
     <span class='ocr_line' id='line_1_6' title="bbox 152 611 1365 665; baseline -0.001 -12"><span class='ocrx_word' id='word_1_33' title='bbox 152 623 246 654; x_wconf 83' lang='lat' dir='ltr'>nem</span> <span class='ocrx_word' id='word_1_34' title='bbox 284 611 426 653; x_wconf 85' lang='lat' dir='ltr'>Laert.</span> <span class='ocrx_word' id='word_1_35' title='bbox 459 612 515 654; x_wconf 89' lang='lat'>11.</span> <span class='ocrx_word' id='word_1_36' title='bbox 545 624 625 665; x_wconf 92' lang='lat'>97,</span> <span class='ocrx_word' id='word_1_37' title='bbox 670 611 776 652; x_wconf 89' lang='lat' dir='ltr'>hanc</span> <span class='ocrx_word' id='word_1_38' title='bbox 811 620 964 653; x_wconf 83' lang='lat' dir='ltr'>sectam</span> <span class='ocrx_word' id='word_1_39' title='bbox 1003 612 1227 662; x_wconf 83' lang='lat' dir='ltr'>statuisse,</span> <span class='ocrx_word' id='word_1_40' title='bbox 1259 613 1365 654; x_wconf 80' lang='lat' dir='ltr'>sacis</span> 
     </span>
     <span class='ocr_line' id='line_1_7' title="bbox 150 686 1371 744; baseline 0 -13"><span class='ocrx_word' id='word_1_41' title='bbox 150 700 234 731; x_wconf 77' lang='lat' dir='ltr'>csse</span> <span class='ocrx_word' id='word_1_42' title='bbox 263 689 501 744; x_wconf 75' lang='lat' dir='ltr'>praesidii,</span> <span class='ocrx_word' id='word_1_43' title='bbox 545 687 606 729; x_wconf 82' lang='lat' dir='ltr'>ad</span> <span class='ocrx_word' id='word_1_44' title='bbox 640 688 739 731; x_wconf 76' lang='lat' dir='ltr'>bene</span> <span class='ocrx_word' id='word_1_45' title='bbox 780 686 999 728; x_wconf 73' lang='lat' dir='ltr'>dicendum</span> <span class='ocrx_word' id='word_1_46' title='bbox 1024 699 1076 727; x_wconf 80' lang='lat' dir='ltr'>ac</span> <span class='ocrx_word' id='word_1_47' title='bbox 1104 691 1371 743; x_wconf 72' lang='lat' dir='ltr'>superstitio-</span> 
     </span>
     <span class='ocr_line' id='line_1_8' title="bbox 148 761 1368 821; baseline 0.001 -17"><span class='ocrx_word' id='word_1_48' title='bbox 148 776 242 806; x_wconf 71' lang='lat' dir='ltr'>nem</span> <span class='ocrx_word' id='word_1_49' title='bbox 277 774 509 821; x_wconf 74' lang='lat' dir='ltr'>metumque:</span> <span class='ocrx_word' id='word_1_50' title='bbox 543 766 690 805; x_wconf 69' lang='lat' dir='ltr'>mortis</span> <span class='ocrx_word' id='word_1_51' title='bbox 711 761 961 818; x_wconf 75' lang='lat' dir='ltr'>fugiendum</span> <span class='ocrx_word' id='word_1_52' title='bbox 980 792 995 814; x_wconf 83' lang='lat'>,</span> <span class='ocrx_word' id='word_1_53' title='bbox 1026 764 1074 811; x_wconf 69' lang='lat' dir='ltr'>in</span> <span class='ocrx_word' id='word_1_54' title='bbox 1094 762 1276 805; x_wconf 64' lang='lat' dir='ltr'>scterztid</span> <span class='ocrx_word' id='word_1_55' title='bbox 1300 764 1368 805; x_wconf 85' lang='lat' dir='ltr'>bo-</span> 
     </span>
     <span class='ocr_line' id='line_1_9' title="bbox 149 838 1362 894; baseline -0.002 -11"><span class='ocrx_word' id='word_1_56' title='bbox 149 856 299 883; x_wconf 76' lang='lat' dir='ltr'>norum</span> <span class='ocrx_word' id='word_1_57' title='bbox 334 851 375 882; x_wconf 78' lang='lat' dir='ltr'>ct</span> <span class='ocrx_word' id='word_1_58' title='bbox 407 841 650 891; x_wconf 74' lang='lat' dir='ltr'>maloram,</span> <span class='ocrx_word' id='word_1_59' title='bbox 681 853 779 890; x_wconf 71' lang='lat' dir='ltr'>seu,</span> <span class='ocrx_word' id='word_1_60' title='bbox 812 842 858 880; x_wconf 84' lang='lat' dir='ltr'>in</span> <span class='ocrx_word' id='word_1_61' title='bbox 895 838 1054 883; x_wconf 72' lang='lat' dir='ltr'>morali</span> <span class='ocrx_word' id='word_1_62' title='bbox 1078 848 1238 894; x_wconf 75' lang='lat' dir='ltr'>parte:</span> <span class='ocrx_word' id='word_1_63' title='bbox 1281 840 1362 882; x_wconf 84' lang='lat' dir='ltr'>hoc</span> 
     </span>
     <span class='ocr_line' id='line_1_10' title="bbox 150 915 1369 969; baseline -0.002 -11"><span class='ocrx_word' id='word_1_64' title='bbox 150 917 282 969; x_wconf 83' lang='lat' dir='ltr'>igitur</span> <span class='ocrx_word' id='word_1_65' title='bbox 303 929 390 959; x_wconf 91' lang='lat' dir='ltr'>non</span> <span class='ocrx_word' id='word_1_66' title='bbox 421 920 560 959; x_wconf 84' lang='lat' dir='ltr'>minus</span> <span class='ocrx_word' id='word_1_67' title='bbox 583 917 632 958; x_wconf 86' lang='lat' dir='ltr'>ab</span> <span class='ocrx_word' id='word_1_68' title='bbox 664 929 712 957; x_wconf 70' lang='lat' dir='ltr'>eo</span> <span class='ocrx_word' id='word_1_69' title='bbox 736 916 820 957; x_wconf 83' lang='lat' dir='ltr'>dici</span> <span class='ocrx_word' id='word_1_70' title='bbox 848 915 1018 968; x_wconf 81' lang='lat' dir='ltr'>potuit,</span> <span class='ocrx_word' id='word_1_71' title='bbox 1049 916 1122 967; x_wconf 90' lang='lat' dir='ltr'>qui</span> <span class='ocrx_word' id='word_1_72' title='bbox 1149 915 1369 956; x_wconf 88' lang='lat' dir='ltr'>Immorta-</span> 
     </span>
     <span class='ocr_line' id='line_1_11' title="bbox 150 990 1369 1045; baseline -0.002 -10"><span class='ocrx_word' id='word_1_73' title='bbox 150 992 311 1035; x_wconf 85' lang='lat' dir='ltr'>litatem</span> <span class='ocrx_word' id='word_1_74' title='bbox 341 1002 487 1035; x_wconf 86' lang='lat' dir='ltr'>tuetur</span> <span class='ocrx_word' id='word_1_75' title='bbox 505 1024 520 1044; x_wconf 89' lang='lat'>,</span> <span class='ocrx_word' id='word_1_76' title='bbox 549 1005 671 1045; x_wconf 87' lang='lat' dir='ltr'>quam</span> <span class='ocrx_word' id='word_1_77' title='bbox 702 992 752 1032; x_wconf 90' lang='lat' dir='ltr'>ab</span> <span class='ocrx_word' id='word_1_78' title='bbox 777 1003 826 1033; x_wconf 87' lang='lat' dir='ltr'>eo</span> <span class='ocrx_word' id='word_1_79' title='bbox 851 1003 924 1043; x_wconf 76' lang='lat' dir='ltr'>qui</span> <span class='ocrx_word' id='word_1_80' title='bbox 950 991 1060 1031; x_wconf 81' lang='lat' dir='ltr'>illam</span> <span class='ocrx_word' id='word_1_81' title='bbox 1086 1001 1223 1041; x_wconf 80' lang='lat' dir='ltr'>negat.</span> <span class='ocrx_word' id='word_1_82' title='bbox 1266 990 1369 1034; x_wconf 86' lang='lat' dir='ltr'>Pro-</span> 
     </span>
     <span class='ocr_line' id='line_1_12' title="bbox 149 1070 1370 1123; baseline -0.001 -9"><span class='ocrx_word' id='word_1_83' title='bbox 149 1071 291 1114; x_wconf 86' lang='lat' dir='ltr'>fectus</span> <span class='ocrx_word' id='word_1_84' title='bbox 315 1081 381 1114; x_wconf 90' lang='lat' dir='ltr'>est</span> <span class='ocrx_word' id='word_1_85' title='bbox 412 1085 460 1113; x_wconf 85' lang='lat' dir='ltr'>ex</span> <span class='ocrx_word' id='word_1_86' title='bbox 497 1072 639 1113; x_wconf 68' lang='lat' dir='ltr'>eadem</span> <span class='ocrx_word' id='word_1_87' title='bbox 670 1070 896 1123; x_wconf 74' lang='lat' dir='ltr'>disciplina</span> <span class='ocrx_word' id='word_1_88' title='bbox 922 1080 1250 1119; x_wconf 80' lang='lat' dir='ltr'>HEGESIAS,</span> <span class='ocrx_word' id='word_1_89' title='bbox 1284 1086 1370 1113; x_wconf 80' lang='grc' dir='ltr'><em>πει·</em></span> 
     </span>
     <span class='ocr_line' id='line_1_13' title="bbox 154 1142 1373 1199; baseline -0.008 -7"><span class='ocrx_word' id='word_1_90' title='bbox 154 1150 361 1197; x_wconf 62' lang='lat' dir='ltr'>nocivam</span> <span class='ocrx_word' id='word_1_91' title='bbox 403 1147 575 1199; x_wconf 84' lang='lat' dir='ltr'>dictus,</span> <span class='ocrx_word' id='word_1_92' title='bbox 624 1146 726 1198; x_wconf 86' lang='lat' dir='ltr'>qui,</span> <span class='ocrx_word' id='word_1_93' title='bbox 768 1145 878 1187; x_wconf 88' lang='lat' dir='ltr'>vitae</span> <span class='ocrx_word' id='word_1_94' title='bbox 911 1145 1117 1186; x_wconf 85' lang='lat' dir='ltr'>humanae</span> <span class='ocrx_word' id='word_1_95' title='bbox 1159 1142 1373 1184; x_wconf 73' lang='lat' dir='ltr'>molestiis</span> 
     </span>
     <span class='ocr_line' id='line_1_14' title="bbox 155 1219 1369 1272; baseline -0.005 -7"><span class='ocrx_word' id='word_1_96' title='bbox 155 1233 197 1266; x_wconf 82' lang='lat' dir='ltr'>et</span> <span class='ocrx_word' id='word_1_97' title='bbox 221 1223 530 1265; x_wconf 75' lang='lat' dir='ltr'>calamitatibus</span> <span class='ocrx_word' id='word_1_98' title='bbox 566 1222 874 1272; x_wconf 84' lang='lat' dir='ltr'>describendis,</span> <span class='ocrx_word' id='word_1_99' title='bbox 907 1222 1064 1262; x_wconf 86' lang='lat' dir='ltr'>multos</span> <span class='ocrx_word' id='word_1_100' title='bbox 1096 1221 1148 1261; x_wconf 90' lang='lat' dir='ltr'>ad</span> <span class='ocrx_word' id='word_1_101' title='bbox 1173 1219 1369 1261; x_wconf 85' lang='lat' dir='ltr'>volunta-</span> 
     </span>
     <span class='ocr_line' id='line_1_15' title="bbox 152 1294 1368 1351; baseline -0.004 -9"><span class='ocrx_word' id='word_1_102' title='bbox 152 1298 254 1342; x_wconf 81' lang='lat' dir='ltr'>riam</span> <span class='ocrx_word' id='word_1_103' title='bbox 291 1298 427 1351; x_wconf 85' lang='lat' dir='ltr'>adegit</span> <span class='ocrx_word' id='word_1_104' title='bbox 466 1306 669 1339; x_wconf 87' lang='lat' dir='ltr'>mortem:</span> <span class='ocrx_word' id='word_1_105' title='bbox 713 1296 801 1338; x_wconf 80' lang='lat' dir='ltr'>vid.</span> <span class='ocrx_word' id='word_1_106' title='bbox 845 1296 998 1338; x_wconf 84' lang='lat' dir='ltr'>Cicero</span> <span class='ocrx_word' id='word_1_107' title='bbox 1041 1294 1177 1338; x_wconf 86' lang='lat' dir='ltr'>Tusc.</span> <span class='ocrx_word' id='word_1_108' title='bbox 1215 1295 1251 1338; x_wconf 91' lang='grc' dir='ltr'>Ι.</span> <span class='ocrx_word' id='word_1_109' title='bbox 1297 1307 1368 1348; x_wconf 83' lang='grc'>34.</span> 
     </span>
     <span class='ocr_line' id='line_1_16' title="bbox 153 1369 1369 1424; baseline -0.002 -9"><span class='ocrx_word' id='word_1_110' title='bbox 153 1371 244 1415; x_wconf 84' lang='lat' dir='ltr'>Nec</span> <span class='ocrx_word' id='word_1_111' title='bbox 269 1383 406 1414; x_wconf 86' lang='lat' dir='ltr'>tamen</span> <span class='ocrx_word' id='word_1_112' title='bbox 432 1371 513 1413; x_wconf 81' lang='lat' dir='ltr'>hoe</span> <span class='ocrx_word' id='word_1_113' title='bbox 542 1383 592 1413; x_wconf 86' lang='lat' dir='ltr'>eo</span> <span class='ocrx_word' id='word_1_114' title='bbox 616 1369 752 1423; x_wconf 87' lang='lat' dir='ltr'>valet,</span> <span class='ocrx_word' id='word_1_115' title='bbox 777 1379 823 1412; x_wconf 83' lang='lat' dir='ltr'>ut</span> <span class='ocrx_word' id='word_1_116' title='bbox 850 1380 1075 1424; x_wconf 87' lang='lat' dir='ltr'>putemus,</span> <span class='ocrx_word' id='word_1_117' title='bbox 1109 1383 1200 1415; x_wconf 87' lang='lat' dir='ltr'>eum</span> <span class='ocrx_word' id='word_1_118' title='bbox 1227 1371 1269 1413; x_wconf 90' lang='lat' dir='ltr'>in</span> <span class='ocrx_word' id='word_1_119' title='bbox 1293 1372 1369 1413; x_wconf 82' lang='lat' dir='ltr'>hac</span> 
     </span>
     <span class='ocr_line' id='line_1_17' title="bbox 153 1446 1373 1502; baseline -0.005 -10"><span class='ocrx_word' id='word_1_120' title='bbox 153 1450 441 1502; x_wconf 86' lang='lat' dir='ltr'>disputatione</span> <span class='ocrx_word' id='word_1_121' title='bbox 466 1460 582 1501; x_wconf 85' lang='lat' dir='ltr'>spem</span> <span class='ocrx_word' id='word_1_122' title='bbox 611 1447 797 1490; x_wconf 86' lang='lat' dir='ltr'>melioris</span> <span class='ocrx_word' id='word_1_123' title='bbox 832 1447 997 1489; x_wconf 85' lang='lat' dir='ltr'>futurae</span> <span class='ocrx_word' id='word_1_124' title='bbox 1020 1446 1130 1490; x_wconf 87' lang='lat' dir='ltr'>vitae</span> <span class='ocrx_word' id='word_1_125' title='bbox 1154 1446 1373 1495; x_wconf 82' lang='lat' dir='ltr'>adhibuis-</span> 
     </span>
     <span class='ocr_line' id='line_1_18' title="bbox 152 1521 1370 1575; baseline -0.002 -9"><span class='ocrx_word' id='word_1_126' title='bbox 152 1536 214 1566; x_wconf 86' lang='lat' dir='ltr'>se.</span> <span class='ocrx_word' id='word_1_127' title='bbox 276 1522 383 1564; x_wconf 86' lang='lat' dir='ltr'>Nam</span> <span class='ocrx_word' id='word_1_128' title='bbox 412 1521 580 1563; x_wconf 88' lang='lat' dir='ltr'>Veteres</span> <span class='ocrx_word' id='word_1_129' title='bbox 613 1522 720 1562; x_wconf 86' lang='lat' dir='ltr'>hanc</span> <span class='ocrx_word' id='word_1_130' title='bbox 760 1533 883 1563; x_wconf 85' lang='lat' dir='ltr'>unam</span> <span class='ocrx_word' id='word_1_131' title='bbox 917 1523 1008 1575; x_wconf 87' lang='lat' dir='ltr'>ejus</span> <span class='ocrx_word' id='word_1_132' title='bbox 1044 1531 1274 1565; x_wconf 86' lang='lat' dir='ltr'>memorant</span> <span class='ocrx_word' id='word_1_133' title='bbox 1305 1535 1370 1571; x_wconf 86' lang='lat' dir='ltr'>ra-</span> 
     </span>
     <span class='ocr_line' id='line_1_19' title="bbox 154 1597 1371 1650; baseline 0.001 -10"><span class='ocrx_word' id='word_1_134' title='bbox 154 1599 340 1650; x_wconf 87' lang='lat' dir='ltr'>tionem,</span> <span class='ocrx_word' id='word_1_135' title='bbox 373 1610 478 1650; x_wconf 89' lang='lat' dir='ltr'>quae</span> <span class='ocrx_word' id='word_1_136' title='bbox 508 1599 700 1640; x_wconf 88' lang='lat' dir='ltr'>desumta</span> <span class='ocrx_word' id='word_1_137' title='bbox 730 1607 816 1640; x_wconf 84' lang='lat' dir='ltr'>erat</span> <span class='ocrx_word' id='word_1_138' title='bbox 848 1597 898 1644; x_wconf 84' lang='lat' dir='ltr'>ab</span> <span class='ocrx_word' id='word_1_139' title='bbox 931 1599 1136 1642; x_wconf 78' lang='lat' dir='ltr'>humanae</span> <span class='ocrx_word' id='word_1_140' title='bbox 1170 1598 1280 1643; x_wconf 88' lang='lat' dir='ltr'>vitae</span> <span class='ocrx_word' id='word_1_141' title='bbox 1304 1611 1371 1641; x_wconf 88' lang='lat' dir='ltr'>ca-</span> 
     </span>
     <span class='ocr_line' id='line_1_20' title="bbox 149 1673 1374 1727; baseline 0.002 -12"><span class='ocrx_word' id='word_1_142' title='bbox 149 1675 425 1718; x_wconf 76' lang='lat' dir='ltr'>lamitatibus·</span> <span class='ocrx_word' id='word_1_143' title='bbox 490 1673 652 1716; x_wconf 90' lang='lat' dir='ltr'>Prodiit</span> <span class='ocrx_word' id='word_1_144' title='bbox 685 1686 735 1716; x_wconf 84' lang='lat' dir='ltr'>ex</span> <span class='ocrx_word' id='word_1_145' title='bbox 759 1675 899 1716; x_wconf 64' lang='lat' dir='ltr'>eadem</span> <span class='ocrx_word' id='word_1_146' title='bbox 932 1673 1160 1727; x_wconf 78' lang='lat' dir='ltr'>disciplina</span> <span class='ocrx_word' id='word_1_147' title='bbox 1190 1688 1305 1717; x_wconf 84' lang='lat' dir='ltr'>THE</span> <span class='ocrx_word' id='word_1_148' title='bbox 1323 1688 1374 1717; x_wconf 87' lang='lat' dir='ltr'>o-</span> 
     </span>
     <span class='ocr_line' id='line_1_21' title="bbox 157 1753 1374 1806; baseline -0.002 -10"><span class='ocrx_word' id='word_1_149' title='bbox 157 1766 349 1796; x_wconf 86' lang='lat' dir='ltr'>DORUS</span> <span class='ocrx_word' id='word_1_150' title='bbox 368 1785 382 1805; x_wconf 92' lang='lat'>,</span> <span class='ocrx_word' id='word_1_151' title='bbox 416 1753 666 1806; x_wconf 87' lang='lat' dir='ltr'>cognomine</span> <span class='ocrx_word' id='word_1_152' title='bbox 691 1753 881 1805; x_wconf 87' lang='lat' dir='ltr'>Atheus,</span> <span class='ocrx_word' id='word_1_153' title='bbox 912 1766 934 1794; x_wconf 90' lang='lat' dir='ltr'>a</span> <span class='ocrx_word' id='word_1_154' title='bbox 958 1765 1044 1805; x_wconf 90' lang='lat' dir='ltr'>quo</span> <span class='ocrx_word' id='word_1_155' title='bbox 1069 1753 1248 1794; x_wconf 88' lang='lat' dir='ltr'>multum</span> <span class='ocrx_word' id='word_1_156' title='bbox 1272 1764 1374 1805; x_wconf 88' lang='lat' dir='ltr'>pro-</span> 
     </span>
     <span class='ocr_line' id='line_1_22' title="bbox 154 1831 1372 1887; baseline -0.003 -12"><span class='ocrx_word' id='word_1_157' title='bbox 154 1833 257 1876; x_wconf 88' lang='lat' dir='ltr'>fecit</span> <span class='ocrx_word' id='word_1_158' title='bbox 293 1835 536 1887; x_wconf 66' lang='lat' dir='ltr'>h‘picurus:</span> <span class='ocrx_word' id='word_1_159' title='bbox 583 1833 671 1876; x_wconf 89' lang='lat' dir='ltr'>vid.</span> <span class='ocrx_word' id='word_1_160' title='bbox 706 1832 915 1886; x_wconf 81' lang='lat' dir='ltr'>Diogenes</span> <span class='ocrx_word' id='word_1_161' title='bbox 948 1831 1089 1874; x_wconf 85' lang='lat' dir='ltr'>Laert.</span> <span class='ocrx_word' id='word_1_162' title='bbox 1117 1831 1172 1874; x_wconf 86' lang='lat' dir='ltr'>II.</span> <span class='ocrx_word' id='word_1_163' title='bbox 1206 1844 1290 1885; x_wconf 79' lang='lat'>973</span> <span class='ocrx_word' id='word_1_164' title='bbox 1324 1839 1372 1872; x_wconf 88' lang='lat' dir='ltr'>ut</span> 
     </span>
     <span class='ocr_line' id='line_1_23' title="bbox 153 1907 1374 1964; baseline -0.002 -12"><span class='ocrx_word' id='word_1_165' title='bbox 153 1911 219 1952; x_wconf 82' lang='lat' dir='ltr'>vel</span> <span class='ocrx_word' id='word_1_166' title='bbox 254 1911 352 1952; x_wconf 74' lang='lat' dir='ltr'>hinc</span> <span class='ocrx_word' id='word_1_167' title='bbox 388 1910 567 1964; x_wconf 81' lang='lat' dir='ltr'>intelligi</span> <span class='ocrx_word' id='word_1_168' title='bbox 603 1910 774 1962; x_wconf 88' lang='lat' dir='ltr'>possit,</span> <span class='ocrx_word' id='word_1_169' title='bbox 806 1921 911 1961; x_wconf 90' lang='lat' dir='ltr'>quae</span> <span class='ocrx_word' id='word_1_170' title='bbox 935 1908 1062 1950; x_wconf 86' lang='lat' dir='ltr'>fuerit</span> <span class='ocrx_word' id='word_1_171' title='bbox 1085 1909 1175 1963; x_wconf 81' lang='lat' dir='ltr'>ejus</span> <span class='ocrx_word' id='word_1_172' title='bbox 1209 1908 1259 1949; x_wconf 88' lang='lat' dir='ltr'>de</span> <span class='ocrx_word' id='word_1_173' title='bbox 1291 1907 1374 1949; x_wconf 87' lang='lat' dir='ltr'>Im-</span> 
     </span>
     <span class='ocr_line' id='line_1_24' title="bbox 157 1984 1370 2042; baseline -0.002 -13"><span class='ocrx_word' id='word_1_174' title='bbox 157 1987 414 2029; x_wconf 80' lang='lat' dir='ltr'>mortalitate</span> <span class='ocrx_word' id='word_1_175' title='bbox 438 1988 604 2042; x_wconf 82' lang='lat' dir='ltr'>opinio.</span> <span class='ocrx_word' id='word_1_176' title='bbox 643 1984 862 2028; x_wconf 87' lang='lat' dir='ltr'>Proditum</span> <span class='ocrx_word' id='word_1_177' title='bbox 885 1994 947 2027; x_wconf 89' lang='lat' dir='ltr'>est</span> <span class='ocrx_word' id='word_1_178' title='bbox 966 1986 1048 2028; x_wconf 90' lang='lat' dir='ltr'>hoc</span> <span class='ocrx_word' id='word_1_179' title='bbox 1067 1986 1158 2040; x_wconf 79' lang='lat' dir='ltr'>ejus</span> <span class='ocrx_word' id='word_1_180' title='bbox 1179 1984 1339 2027; x_wconf 90' lang='lat' dir='ltr'>dictum</span> <span class='ocrx_word' id='word_1_181' title='bbox 1353 2013 1370 2037; x_wconf 89' lang='lat'>‚</span> 
     </span>
     <span class='ocr_line' id='line_1_25' title="bbox 151 2063 1372 2118; baseline -0.004 -10"><span class='ocrx_word' id='word_1_182' title='bbox 151 2063 335 2116; x_wconf 87' lang='lat' dir='ltr'>ibidem,</span> <span class='ocrx_word' id='word_1_183' title='bbox 367 2064 449 2118; x_wconf 75' lang='lat'>982</span> <span class='ocrx_word' id='word_1_184' title='bbox 511 2063 613 2104; x_wconf 85' lang='lat' dir='ltr'>Non</span> <span class='ocrx_word' id='word_1_185' title='bbox 638 2075 720 2110; x_wconf 74' lang='lat' dir='ltr'>esse</span> <span class='ocrx_word' id='word_1_186' title='bbox 746 2064 910 2104; x_wconf 72' lang='lat' dir='ltr'>rationi</span> <span class='ocrx_word' id='word_1_187' title='bbox 943 2070 1292 2113; x_wconf 75' lang='lat' dir='ltr'>consentaneum,</span> <span class='ocrx_word' id='word_1_188' title='bbox 1323 2070 1372 2103; x_wconf 78' lang='lat' dir='ltr'>ut</span> 
     </span>
     <span class='ocr_line' id='line_1_26' title="bbox 154 2137 1374 2196; baseline -0.004 -13"><span class='ocrx_word' id='word_1_189' title='bbox 154 2142 318 2195; x_wconf 75' lang='lat' dir='ltr'>sapiens</span> <span class='ocrx_word' id='word_1_190' title='bbox 345 2152 433 2196; x_wconf 80' lang='lat' dir='ltr'>pro·</span> <span class='ocrx_word' id='word_1_191' title='bbox 447 2139 607 2196; x_wconf 68' lang='lat' dir='ltr'>patrid</span> <span class='ocrx_word' id='word_1_192' title='bbox 632 2148 806 2180; x_wconf 83' lang='lat' dir='ltr'>mortem</span> <span class='ocrx_word' id='word_1_193' title='bbox 840 2138 989 2180; x_wconf 78' lang='lat' dir='ltr'>obeat:</span> <span class='ocrx_word' id='word_1_194' title='bbox 1019 2151 1101 2180; x_wconf 78' lang='lat' dir='ltr'>non</span> <span class='ocrx_word' id='word_1_195' title='bbox 1122 2140 1230 2179; x_wconf 76' lang='lat' dir='ltr'>enim</span> <span class='ocrx_word' id='word_1_196' title='bbox 1256 2137 1374 2180; x_wconf 74' lang='lat' dir='ltr'>dece-</span> 
     </span>
     <span class='ocr_line' id='line_1_27' title="bbox 156 2213 1374 2272; baseline -0.003 -14"><span class='ocrx_word' id='word_1_197' title='bbox 156 2230 204 2258; x_wconf 77' lang='lat' dir='ltr'>re</span> <span class='ocrx_word' id='word_1_198' title='bbox 235 2230 352 2258; x_wconf 78' lang='lat' dir='ltr'>suam</span> <span class='ocrx_word' id='word_1_199' title='bbox 382 2216 661 2271; x_wconf 74' lang='lat' dir='ltr'>prudentiam</span> <span class='ocrx_word' id='word_1_200' title='bbox 684 2215 896 2272; x_wconf 72' lang='lat' dir='ltr'>perdere,</span> <span class='ocrx_word' id='word_1_201' title='bbox 918 2222 1099 2271; x_wconf 74' lang='lat' dir='ltr'>propter</span> <span class='ocrx_word' id='word_1_202' title='bbox 1130 2213 1374 2270; x_wconf 65' lang='lat' dir='ltr'>impruden·</span> 
     </span>
     <span class='ocr_line' id='line_1_28' title="bbox 156 2289 1376 2346; baseline 0.002 -15"><span class='ocrx_word' id='word_1_203' title='bbox 156 2293 263 2332; x_wconf 84' lang='lat' dir='ltr'>tium</span> <span class='ocrx_word' id='word_1_204' title='bbox 288 2291 569 2334; x_wconf 71' lang='lat' dir='ltr'>utilitatem.&#39;’</span> <span class='ocrx_word' id='word_1_205' title='bbox 629 2291 756 2346; x_wconf 88' lang='lat' dir='ltr'>Quod</span> <span class='ocrx_word' id='word_1_206' title='bbox 783 2289 940 2332; x_wconf 83' lang='lat' dir='ltr'>Graece</span> <span class='ocrx_word' id='word_1_207' title='bbox 963 2289 1132 2331; x_wconf 84' lang='lat' dir='ltr'>acutius</span> <span class='ocrx_word' id='word_1_208' title='bbox 1155 2299 1244 2331; x_wconf 85' lang='lat' dir='ltr'>est:</span> <span class='ocrx_word' id='word_1_209' title='bbox 1269 2291 1376 2333; x_wconf 74' lang='grc' dir='ltr'><em>ἀπο·</em></span> 
     </span>
     <span class='ocr_line' id='line_1_29' title="bbox 153 2366 1371 2422; baseline -0.002 -12"><span class='ocrx_word' id='word_1_210' title='bbox 153 2369 300 2422; x_wconf 79' lang='grc' dir='ltr'><em>βαλεῖν</em></span> <span class='ocrx_word' id='word_1_211' title='bbox 324 2369 399 2417; x_wconf 68' lang='grc' dir='ltr'>τὴν</span> <span class='ocrx_word' id='word_1_212' title='bbox 425 2369 604 2421; x_wconf 69' lang='grc' dir='ltr'><em>Φρόνησιν</em></span> <span class='ocrx_word' id='word_1_213' title='bbox 628 2366 743 2410; x_wconf 73' lang='grc' dir='ltr'><em>ἕνεκα</em></span> <span class='ocrx_word' id='word_1_214' title='bbox 768 2372 838 2416; x_wconf 79' lang='grc' dir='ltr'>τῆς</span> <span class='ocrx_word' id='word_1_215' title='bbox 865 2371 938 2409; x_wconf 79' lang='grc' dir='ltr'>τῶν</span> <span class='ocrx_word' id='word_1_216' title='bbox 961 2366 1136 2420; x_wconf 70' lang='grc' dir='ltr'><em>ἀφρόνων</em></span> <span class='ocrx_word' id='word_1_217' title='bbox 1155 2368 1371 2419; x_wconf 68' lang='grc' dir='ltr'><em>ὠφελείας·</em></span> 
     </span>
     <span class='ocr_line' id='line_1_30' title="bbox 161 2440 1370 2498; baseline -0.004 -13"><span class='ocrx_word' id='word_1_218' title='bbox 161 2441 299 2496; x_wconf 78' lang='lat' dir='ltr'>Igitur</span> <span class='ocrx_word' id='word_1_219' title='bbox 327 2443 364 2484; x_wconf 90' lang='lat' dir='ltr'>si</span> <span class='ocrx_word' id='word_1_220' title='bbox 403 2443 498 2496; x_wconf 88' lang='lat' dir='ltr'>quis</span> <span class='ocrx_word' id='word_1_221' title='bbox 533 2453 719 2495; x_wconf 85' lang='lat' dir='ltr'>statuat,</span> <span class='ocrx_word' id='word_1_222' title='bbox 754 2453 888 2484; x_wconf 89' lang='lat' dir='ltr'>morte</span> <span class='ocrx_word' id='word_1_223' title='bbox 915 2443 1097 2498; x_wconf 75' lang='grc' dir='ltr'>φρόνησιν</span> <span class='ocrx_word' id='word_1_224' title='bbox 1131 2440 1370 2494; x_wconf 83' lang='lat' dir='ltr'>exstingui,</span> 
     </span>
     <span class='ocr_line' id='line_1_31' title="bbox 159 2514 1375 2573; baseline -0.007 -9"><span class='ocrx_word' id='word_1_225' title='bbox 159 2517 230 2564; x_wconf 82' lang='lat' dir='ltr'>hic</span> <span class='ocrx_word' id='word_1_226' title='bbox 258 2518 359 2573; x_wconf 82' lang='lat' dir='ltr'>quid</span> <span class='ocrx_word' id='word_1_227' title='bbox 395 2519 444 2562; x_wconf 89' lang='lat' dir='ltr'>de</span> <span class='ocrx_word' id='word_1_228' title='bbox 479 2518 730 2564; x_wconf 76' lang='lat' dir='ltr'>Animorum</span> <span class='ocrx_word' id='word_1_229' title='bbox 753 2518 1073 2562; x_wconf 80' lang='lat' dir='ltr'>immortalitate</span> <span class='ocrx_word' id='word_1_230' title='bbox 1101 2519 1282 2569; x_wconf 88' lang='lat' dir='ltr'>sentiat,</span> <span class='ocrx_word' id='word_1_231' title='bbox 1312 2514 1375 2556; x_wconf 82' lang='lat' dir='ltr'>fa-</span> 
     </span>
     <span class='ocr_line' id='line_1_32' title="bbox 852 2589 1377 2649; baseline -0.006 -12"><span class='ocrx_word' id='word_1_232' title='bbox 852 2593 928 2637; x_wconf 79' lang='lat' dir='ltr'>Rr</span> <span class='ocrx_word' id='word_1_233' title='bbox 968 2604 997 2649; x_wconf 82' lang='grc'><strong><em>5</em></strong></span> <span class='ocrx_word' id='word_1_234' title='bbox 1311 2589 1377 2636; x_wconf 83' lang='lat' dir='ltr'>ci·</span> 
     </span>
    </p>
   </div>
  </div>
 </body>
</html>
