1693 3110
239 173 320 231 m
432 173 902 228 PROLEGOMENA
931 185 990 216 Ex
1019 173 1315 219 EDITIONE

239 308 311 341 tur
332 297 481 339 multis
500 290 744 334 doloribus.
786 287 1046 331 Insanabiles
1070 289 1308 342 puniuntur
1330 290 1371 334 in
1393 303 1457 334 ae.

240 384 407 419 ternum
433 365 817 413 vehementissimis
845 366 1107 408 cruciatibus
1123 396 1138 417 ‚
1163 367 1322 418 quibus
1345 367 1462 420 ipsae

236 453 397 498 nullam
420 448 644 492 utilitatem
663 444 935 501 percipiunt,
957 444 1031 488 sed
1049 444 1142 487 aliis
1161 447 1206 488 iu
1224 446 1462 500 exemplum

232 523 590 586 proponuntur.’'

293 606 363 648 Ex
384 603 634 648 Phaedone:
683 632 710 654 ,‚
740 601 1031 654 Unaquaeque
1065 599 1221 645 Anima
1245 614 1370 645 suum
1393 601 1468 644 ha·

240 684 316 725 bet
345 681 561 723 ductorem
586 676 771 720 Genium
787 689 801 718 z
834 676 904 717 hic
927 687 1014 717 eam
1039 687 1088 717 ex
1114 677 1309 729 Corpore
1331 677 1467 718 disce-

236 759 404 801 dentem
426 755 545 797 ducit
569 754 620 795 ad
636 751 831 804 Inferos;
856 752 1103 804 prudentem
1126 752 1293 804 quidem
1317 754 1472 794 volun-

243 833 421 885 tariam,
450 831 626 874 stultam
655 839 694 871 et
721 828 910 882 Corpori
941 829 1119 871 deditam
1143 841 1242 870 vero
1275 828 1467 874 invitam.

240 913 285 958 A
308 909 461 953 Geniis
485 907 528 950 in
550 915 710 950 certum
739 906 881 946 locum
905 905 1166 958 conductae,
1199 906 1256 948 ibi
1277 906 1468 960 judican-

242 998 335 1032 tur.
370 985 458 1041 Qui
483 981 747 1025 mediocriter
769 993 813 1023 se
833 980 877 1023 in
902 980 989 1021 vita
1010 991 1256 1034 gesserunt,
1282 984 1384 1024 male
1408 980 1473 1024 fa-

238 1070 412 1105 ctorum
437 1069 595 1112 poenas
622 1056 680 1098 ita
709 1055 808 1097 dant
823 1086 840 1108 ‚
863 1063 912 1096 ut
936 1055 1064 1096 simul
1086 1066 1320 1109 purgentur
1339 1070 1385 1099 ac
1408 1071 1473 1100 sa-

240 1129 373 1181 nitati
404 1133 708 1183 restituantur,
750 1131 855 1172 bene
886 1131 1093 1172 factorum
1130 1141 1266 1175 autem
1293 1135 1474 1187 praemia

243 1212 478 1266 accipiunt.
541 1209 630 1264 Qui
656 1209 811 1261 maJora
835 1208 907 1249 sed
937 1207 1139 1250 sanabilia
1163 1220 1300 1251 tamen
1326 1224 1472 1264 pecca-

244 1299 289 1332 ta
314 1284 610 1331 commiserint
625 1314 640 1336 ,
661 1284 793 1326 veluti
816 1282 1049 1326 homicidae
1071 1293 1111 1325 et
1135 1296 1353 1336 parentum
1384 1285 1473 1326 vio-

245 1365 436 1415 latores,
459 1360 725 1416 gravioribus
753 1358 983 1413 suppliciis
1006 1368 1233 1402 vexantur:
1266 1372 1286 1401 a
1315 1360 1474 1413 quibus

244 1454 338 1488 ‘non
363 1449 483 1483 antea
505 1438 767 1488 liberantur,
803 1448 926 1489 quam
948 1435 1001 1477 iis
1017 1467 1031 1488 ,
1067 1448 1178 1488 quos
1201 1436 1354 1489 injuria
1378 1436 1478 1478 affe.

249 1519 416 1571 cerint‚
436 1513 720 1558 satisfecerint
744 1526 792 1556 ac
816 1512 1114 1566 persuaserint.
1177 1511 1265 1566 Qui
1290 1525 1389 1556 vero
1414 1515 1479 1557 in-

252 1593 458 1639 sanabilia
481 1590 748 1646 peccaverint
764 1621 779 1642 ,
809 1588 958 1630 multis
976 1617 990 1639 ‚
1021 1597 1061 1628 et
1084 1587 1257 1642 injustis
1279 1589 1476 1634 caedibus

248 1671 500 1728 patrandis,
534 1668 578 1710 hi
614 1667 658 1709 in
685 1667 909 1709 Tartarum
942 1665 1258 1719 conjiciuntur,
1301 1679 1351 1710 ex
1388 1681 1477 1720 quo

250 1758 485 1800 numquam
509 1743 759 1785 liberantur.
799 1740 996 1792 Denique
1019 1740 1049 1780 ii
1066 1771 1080 1792 ‚
1106 1741 1179 1792 qui
1201 1752 1345 1784 sancte
1364 1744 1480 1788 vixe-

250 1834 380 1874 runt,
404 1820 580 1863 veniunt
604 1819 647 1860 in
674 1819 898 1860 coelestem
925 1815 1137 1870 regionem
1157 1830 1169 1858 :
1201 1827 1242 1858 et
1265 1818 1308 1860 in
1327 1819 1478 1872 primis

254 1897 314 1949 ii,
347 1896 424 1950 qui
461 1907 558 1937 vere
590 1892 885 1947 philosophati
925 1901 1056 1944 sunt,
1088 1889 1252 1946 semper
1273 1893 1332 1935 ibi
1362 1894 1481 1937 habi-

255 1983 381 2025 tant,
402 1985 476 2015 nec
501 1983 701 2023 umquam
727 1970 768 2012 in
791 1969 987 2022 Corpora
1006 1969 1196 2012 redeunt.
1259 1969 1481 2013 Caeterum

259 2051 361 2092 haec
385 2049 601 2089 beatorum
626 2044 830 2087 habitatio
852 2054 916 2086 est
938 2044 1104 2096 quidem
1130 2043 1173 2086 in
1194 2044 1290 2097 ipsa
1312 2044 1389 2086 hac
1404 2056 1486 2087 ter-

258 2130 339 2176 ra,
371 2125 444 2166 sed
476 2125 520 2165 in
558 2123 731 2165 sublimi
767 2134 813 2164 ac
847 2122 1022 2164 coelesti
1053 2121 1168 2163 loco.
1229 2120 1337 2162 Nam
1367 2124 1485 2175 quod

258 2201 387 2248 nobis
412 2212 519 2252 aqua
556 2207 621 2241 est
640 2229 654 2250 2
686 2199 767 2240 hoc
801 2197 907 2251 ipsis
932 2205 994 2239 est
1020 2196 1113 2238 abr:
1145 2196 1261 2247 quod
1283 2208 1382 2238 vero
1405 2211 1483 2238 no-

264 2278 335 2322 bis
365 2278 431 2318 aer
465 2284 558 2326 est,
589 2275 672 2325 hoc
710 2273 818 2326 ipsis
845 2282 909 2314 est
932 2272 1095 2313 aether:
1132 2270 1190 2311 ibi
1216 2270 1354 2312 omnia
1377 2282 1482 2315 sunt

263 2353 464 2410 puriora,
509 2350 759 2393 dilucidiora
776 2381 792 2402 ‚
837 2361 885 2391 ac
922 2346 1171 2390 subtiliora:
1217 2347 1484 2389 acutioribus

261 2432 461 2475 sensibus
485 2437 585 2471 sunt
610 2428 815 2480 praediti,
839 2428 994 2481 maJore
1018 2425 1291 2478 intelligentia
1313 2425 1483 2477 valent,

263 2518 306 2552 et
328 2506 530 2564 propiore
555 2504 741 2546 Deorum
773 2502 1083 2547 consuetudine
1107 2499 1323 2544 fruuntur.
1383 2498 1481 2540 Nos

1417 2587 1493 2622 VC·
