1693 3110
214 156 312 224 416,
518 143 1125 197 DISPUTATIO

232 280 378 329 triam,
420 274 490 319 sed
523 284 566 314 in
598 271 816 313 Graeciam
852 269 1172 324 importarunt?
1217 270 1367 328 Quid?
1404 269 1450 318 Si

231 355 330 408 quis
356 354 398 392 in
433 349 573 391 Sinam
609 346 781 387 veniens
799 375 815 397 ,
848 355 1074 399 postquam
1106 347 1200 400 eJ'us
1225 350 1362 400 gentis
1384 362 1447 392 ar-

224 439 294 484 vtes
329 436 453 479 atque
498 422 710 476 ingenium
746 433 832 462 non
867 421 958 463 sine
992 422 1267 464 admiratione
1291 437 1454 478 cogno-

224 503 390 563 visset,
420 500 563 542 audiat
598 497 780 550 narrari3
829 497 1026 539 Sinenses
1060 499 1252 551 quamvis
1292 501 1455 556 egregia

229 580 365 623 multa
399 577 630 619 invenerint
669 577 711 617 in
747 575 910 616 artibus
948 588 995 617 ac
1029 576 1272 629 disciplinis
1315 580 1455 631 omni·

225 657 342 717 bus,
373 664 510 696 tamen
541 665 666 696 unum
696 665 788 695 esse
812 642 947 694 Deum
976 665 1053 695 sua
1086 654 1206 707 ipsos
1231 656 1456 709 sagacitate

228 733 370 776 videre
392 743 479 774 non
514 730 731 784 potuisse:
764 731 854 783 ejus
897 729 1003 771 enim
1038 731 1096 771 rei
1127 720 1322 772 notitiam
1358 743 1457 773 cum

227 799 481 853 Sinensibus
531 806 887 850 communicatam
945 819 1038 849 esse
1078 819 1150 860 per
1203 808 1456 850 mercatores

228 886 355 929 Tarta
364 897 433 926 ros
449 914 464 934 ,
479 883 553 936 qui
566 895 653 924 eam
674 881 937 934 accepissent
949 894 970 922 a
987 891 1108 934 gente
1122 882 1416 924 Cosackorum
1438 912 1454 934 ‚

232 956 329 1004 rudi
363 958 531 1012 quidem
558 960 626 1001 illa
650 968 690 1001 et
715 959 873 1001 inculta
892 989 904 1009 ‚
939 959 1012 1000 sed
1035 945 1279 1001 Christiana
1302 970 1456 1004 tamen.

233 1040 318 1084 Hic
350 1038 481 1092 igitur
514 1049 655 1079 nonne
688 1034 771 1077 sibi
810 1034 1119 1077 videatur-*tale
1156 1035 1262 1087 quid
1288 1025 1459 1086 audire,

237 1120 355 1171 quod
371 1147 386 1168 ,
409 1115 491 1157 nisi
519 1114 728 1156 continuo
750 1110 908 1168 rejiciat
931 1122 976 1154 ut
998 1104 1152 1155 falsum
1176 1120 1215 1154 et
1241 1111 1426 1163 ineptum
1442 1138 1460 1161 ,

232 1205 343 1237 certe
377 1205 426 1234 eo
459 1204 598 1244 usque
623 1187 841 1243 repudiet,
875 1189 1007 1231 donec
1047 1187 1303 1231 firmissimis
1332 1189 1463 1229 ratio-

236 1273 367 1316 nibus
404 1271 733 1312 demonstratum
770 1262 937 1308 fuerit?
994 1265 1141 1317 ltaque
1180 1263 1377 1317 profecto
1422 1272 1465 1305 et

241 1360 322 1391 nos
346 1346 537 1387 videmur
568 1343 617 1385 de
649 1352 799 1384 nostro
827 1342 919 1396 jure
952 1342 1203 1393 concedere,
1239 1352 1332 1381 cum
1363 1352 1466 1382 con-

242 1434 307 1468 tra
343 1423 449 1465 istos
484 1418 766 1474 disputamus.
847 1419 929 1460 Est
966 1416 1074 1460 enim
1111 1417 1258 1467 potius
1293 1429 1468 1468 eorum,

244 1502 322 1556 qui
361 1511 441 1542 rtm
479 1505 632 1540 novam
677 1506 718 1537 et
765 1509 788 1536 a
834 1492 1204 1535 verisimilitudine
1243 1490 1472 1532 abhorren-

246 1585 331 1618 tem
365 1574 492 1617 nobis
522 1570 771 1625 persuadere
802 1578 1041 1618 conantur,
1085 1578 1170 1607 eam
1209 1565 1471 1607 demonstra-

248 1666 318 1706 re,
352 1664 476 1704 quam
499 1657 694 1692 nostrum
712 1677 728 1700 ,
761 1645 835 1698 qui
859 1657 946 1686 eam
977 1652 1176 1697 negamus
1192 1672 1208 1694 ,
1232 1628 1472 1684 rationibus

241 1727 444 1776 refellere.

309 1804 390 1846 Sed
411 1803 614 1851 fuerunt,
645 1797 815 1851 inquit,
846 1796 959 1850 apud
993 1795 1233 1851 Aegyptios
1267 1803 1307 1837 et
1341 1795 1477 1838 Phoe'-

256 1881 374 1927 nices
399 1878 520 1919 multi
544 1875 666 1918 etiam
694 1874 904 1928 sapientes
933 1872 1041 1924 viri,
1077 1871 1150 1923 qui
1175 1871 1223 1911 de
1257 1871 1382 1911 rebus
1414 1868 1476 1910 di-

256 1960 370 2002 vinis
395 1956 534 1999 verius
568 1954 838 2010 judicarent,
871 1963 994 2004 quam
1025 1950 1184 1991 civium
1213 1960 1356 1989 eorum
1382 1946 1482 1988 vul-

260 2047 358 2091 gus.
419 2031 537 2076 Scio.
585 2030 754 2083 Atqui,
787 2027 952 2080 inquit,
984 2025 1028 2067 hi
1055 2026 1139 2079 ipsi
1166 2023 1370 2073 fuerunt,
1402 2019 1481 2073 qui

259 2111 453 2157 notitiam
480 2110 603 2150 unius
627 2107 706 2149 Dei
728 2119 750 2147 a
769 2105 940 2159 Judacis
964 2111 1175 2154 acceptam
1199 2098 1376 2141 Graecis
1399 2106 1482 2139 tra-

260 2188 421 2230 derent.
480 2184 555 2226 Nil
588 2182 675 2225 vidi
702 2180 861 2235 magis!
894 2177 1013 2230 Viri,
1046 2177 1204 2230 quibus
1241 2184 1387 2216 natura
1420 2182 1486 2215 sa'-

266 2262 325 2304 tis
351 2258 551 2302 tribuerat
588 2258 772 2311 ingenii,
812 2266 859 2297 ut
899 2256 1124 2308 populares
1157 2262 1315 2293 errores
1347 2259 1387 2291 et
1423 2250 1489 2292 in-

267 2338 506 2392 telligerent
538 2345 577 2377 et
617 2341 962 2383 contemnerent,
1003 2331 1145 2373 eodem
1193 2326 1362 2383 ingenio
1398 2333 1487 2369 non

271 2415 381 2457 illud
400 2412 520 2454 etiam
548 2412 812 2464 intelligant,
840 2408 956 2461 quod
983 2414 1128 2449 natura
1154 2406 1195 2447 in
1219 2407 1316 2448 loco
1339 2405 1376 2446 si
1401 2409 1488 2444 non

279 2501 456 2546 aperto,
489 2497 598 2530 certe
627 2488 796 2530 minime
826 2485 1042 2530 recondito
1066 2485 1241 2539 posuit,
1271 2483 1355 2526 vim
1382 2479 1492 2521 divi'-

1397 2562 1493 2597 flam
