1693 3110
332 185 952 237 ῡΕυΝιΤΑΤΕ
1019 184 1194 236 DEI.
1291 194 1380 251 449'

150 309 280 371 Quae
311 309 380 356 'res
412 321 508 355 sunt
543 313 697 356 similes
735 321 774 354 et
806 316 1035 369 aequales,
1063 315 1154 358 illis
1179 307 1365 357 amnibus

152 404 244 433 aaa
277 390 497 442 eademque
528 388 746 444 respondet
779 390 876 431 idea
889 407 905 443 ‚·
947 395 1089 446 igitur
1115 393 1152 432 si
1185 399 1366 445 specten-

156 474 234 507 tur
266 468 312 507 ia
345 473 461 506 stata
494 463 813 520 possibilitatis,
847 479 929 507 non
963 476 1090 518 sant,
1122 469 1205 508 nisi
1238 470 1368 509 unica

156 555 241 584 Τις.
296 541 405 593 Jam
428 550 524 582 vero
548 540 646 579 hiae
670 543 966 595 consequitur,
997 545 1167 584 unicam
1197 543 1279 583 Dei
1305 555 1363 584 es-

159 629 201 656 se
217 616 551 670 possibilitatem.
596 615 779 671 Cumque
795 618 842 656 in
860 615 949 656 Deo
966 617 1223 672 possibilitas
1245 631 1366 659 caas-

159 704 208 733 sa
232 695 288 732 sit
309 690 397 743 ejus
418 692 696 743 existentiae,·
726 690 893 732 clarum
911 693 1102 746 profecto
1127 701 1213 745 est,
1241 705 1372 735 unam

157 761 378 809 detritaxat
401 779 483 807 esse
514 767 784 808 existentiam
811 765 924 817 Dei,
956 780 988 811 s.
1020 782 1151 810 unam
1187 772 1368 812 existere

160 842 315 885 Deum.
374 843 556 884 Primum
573 872 588 894 ,
620 853 682 883 est
704 855 817 884 error
845 843 888 884 in
917 843 981 885 his
1006 845 1146 886 verbis
1168 837 1386 898 frequens*

160 917 231 959 ifle
262 930 336 971 per
364 928 492 959 totam
517 916 705 959 scholam
742 917 1026 970 NVoIfianam,
1059 929 1105 962 ut
1131 919 1187 961 rei
1211 919 1308 961 idea
1333 928 1376 962 et

152 993 414 1050 possibilitas
438 992 781 1034 confundantur:
813 1006 908 1034 cum
935 1003 1071 1034 tamen
1101 994 1368 1037 Possibilitas

160 1069 223 1112 nil
253 1069 366 1110 aliud
388 1069 443 1111 sit
468 1081 593 1121 quam
617 1069 804 1111 absentia
832 1070 1161 1122 repugnantiae,
1204 1083 1240 1114 s.
1273 1083 1377 1113 con—

162 1157 314 1188 sensus
346 1145 673 1196 attributorum,
705 1157 792 1196 quo
813 1144 1018 1196 efficitur,
1051 1154 1098 1186 ut
1132 1146 1230 1186 haec
1253 1147 1374 1189 attri-

161 1219 264 1261 buta
284 1220 327 1261 in
349 1232 477 1261 unum
500 1219 735 1273 subjectum
763 1220 906 1262 cadere
927 1220 1123 1273 possint:
1149 1221 1278 1263 ideam
1305 1235 1377 1264 ve·

159 1311 210 1340 ro
232 1297 368 1350 ipsam
407 1297 618 1349 dicimus,
651 1305 858 1348 quatenus
894 1310 981 1339 eam
1016 1297 1280 1351 cogitatione
1313 1308 1373 1340 te-

160 1385 339 1416 nemus:
371 1372 501 1426 igitur
520 1372 609 1414 idea
636 1372 692 1413 rei
715 1371 890 1413 efficitur
915 1372 1082 1423 quidem
1108 1371 1259 1422 partim
1283 1373 1376 1425 ejus

164 1449 480 1502 possibilitate,
529 1449 603 1490 sed
643 1447 702 1489 ita
748 1456 794 1488 ut
838 1446 1031 1486 accedere
1072 1443 1220 1487 debeat
1261 1456 1377 1489 certa

163 1524 361 1577 quaedam
397 1533 436 1563 et
464 1531 608 1562 natura
632 1529 671 1560 et
693 1520 941 1574 conjunctio
968 1521 1120 1561 horum
1142 1521 1373 1563 attributo·

163 1611 285 1640 rum}
316 1606 355 1638 et
376 1607 440 1637 res
462 1594 670 1647 quaelibet
693 1606 809 1635 suam
833 1594 926 1647 ipsa
952 1595 1034 1636 sibi
1062 1595 1273 1647 propriam
1300 1598 1375 1638 ha-

164 1673 236 1714 bet
279 1672 440 1721 ideam,
484 1669 807 1721 possibilitatem
843 1682 942 1712 vero
977 1683 1239 1713 communem
1275 1683 1373 1715 cum

170 1747 369 1790 omnibus
399 1745 507 1787 aliis.
571 1744 650 1785 Sed
676 1744 756 1785 hoc
782 1757 869 1786 non
893 1745 1089 1797 impedit,
1122 1758 1210 1798 quo
1237 1748 1375 1791 minus

167 1822 394 1865 concedam
421 1850 436 1872 ,
480 1820 564 1861 Dei
591 1820 914 1875 possibilitatem
952 1834 1034 1862 esse
1067 1826 1266 1874 unicam,
1306 1833 1378 1875 et,

168 1898 206 1941 si
241 1898 420 1947 volunt,
452 1897 722 1937 existentiam
753 1896 835 1936 Dei
857 1909 939 1936 esse
968 1899 1157 1938 unicam.
1218 1897 1286 1939 An
1313 1910 1383 1939 ve·

169 1986 216 2016 ro
239 1973 334 2014 inde
356 1971 580 2022 efficietur,
612 1985 692 2012 noa
710 1971 856 2025 plares
885 1984 965 2012 esse
997 1984 1078 2013 uno
1102 1973 1248 2015 Deos?
1294 1973 1382 2015 Mi-

170 2049 283 2091 nime
312 2048 355 2089 id
393 2046 576 2099 quidem.
651 2047 759 2088 Nam
794 2047 836 2109 in
871 2046 1141 2101 Ontologicis
1176 2049 1380 2092 tribuitur

171 2125 312 2166 unitas
336 2123 535 2164 omnibus
572 2123 770 2165 Entibus.
829 2123 960 2176 Igitur
990 2123 1254 2177 possibilitas
1283 2138 1375 2166 om·

178 2200 295 2242 nium
325 2211 460 2240 rerum
499 2206 563 2240 e'st
597 2211 706 2249 una,
739 2208 944 2250 quatenus
965 2209 1028 2239 est
1048 2199 1233 2240 absentia
1255 2212 1384 2251 repu-

181 2274 401 2328 gnantiae3
431 2285 566 2325 neque
588 2284 723 2315 tamen
749 2273 869 2315 unica
896 2283 1056 2314 tantum
1086 2287 1152 2316 res
1175 2286 1242 2316 est
1275 2288 1381 2328 pos-

183 2349 347 2390 sibilis:
380 2348 458 2389 hoc
482 2349 532 2389 de
561 2350 810 2401 existentia,
844 2349 924 2390 hoc
955 2350 1004 2390 de
1031 2349 1126 2393 aliis
1153 2350 1255 2391 ideis
1288 2352 1382 2392 uni-

182 2421 416 2463 versalibus
451 2424 589 2475 valet,
631 2437 734 2477 quas
771 2424 1025 2468 detrahimus
1060 2426 1109 2467 de
1140 2427 1293 2477 rebus,
1336 2427 1384 2468 in

183 2497 340 2551 quibus
376 2497 551 2553 insunt,
583 2510 622 2541 et
654 2502 697 2542 in
735 2500 984 2554 peculiarem
1009 2499 1184 2545 formam
1217 2501 1384 2553 colligi-

243 2572 340 2616 Vol.
373 2573 427 2615 11.
872 2574 905 2619 F
917 2574 942 2616 f
1281 2586 1395 2623 mus.
