1693 3110
258 187 336 230 140
414 167 878 216 PROLEGOMENA
906 180 969 211 Ex
999 167 1288 215 EDITION'E

255 307 358 338 vero
384 295 433 335 ad
457 297 507 334 se·
525 291 686 333 rediens
708 301 795 333 non
815 291 1054 332 recordatur
1068 322 1082 344 ,
1100 292 1202 344 quid
1226 293 1267 334 in
1285 292 1473 347 deliquio

257 368 535 424 cogitaveritg,
566 380 654 410 non
679 368 774 410 inde
805 367 981 410 efficitur
1003 369 1143 411 nullas
1167 368 1203 410 ei
1229 370 1471 413 obversatas

255 459 348 488 esse
370 446 677 500 cogitationes:
711 445 838 486 immo
863 445 942 486 hoc
970 457 1099 486 unum
1124 444 1270 498 colligi
1299 456 1476 499 potest,

263 521 548 574 cogitationes
571 522 672 563 adeo
695 521 850 563 debiles
876 530 916 563 et
934 523 1137 565 obscuras
1157 521 1320 575 Fuisse,
1340 532 1480 564 utve-

258 595 434 648 stigium
457 595 619 637 nullum
643 595 904 648 reliquerint.

316 671 372 714 Ii.
405 672 566 714 Deinde
590 672 843 724 experientia
866 684 1038 725 quoque
1061 681 1262 724 testatur,
1281 672 1480 715 Animum

258 762 376 794 extra
402 751 577 803 Corpus
618 749 831 802 cogitandi
869 761 1038 791 munere
1074 749 1224 791 melius
1263 748 1477 802 perfungi.

258 826 404 878 Nam,
438 827 513 878 qui
544 826 651 867 serio
684 835 726 867 et
763 825 982 879 diligenter
1008 825 1111 878 quid
1147 824 1331 878 cogitare
1357 826 1479 876 vult,

261 915 429 955 operam
459 903 558 952 dat,
592 910 639 943 ut
661 901 859 943 Animum
876 930 890 952 ‚
915 900 1054 953 quoad
1080 901 1169 955 eius
1196 899 1283 941 fieri
1308 908 1480 952 potest,

262 981 286 1023 ἓι
311 981 505 1032 Corpore
527 986 675 1021 avocet
690 1007 705 1029 a
736 986 776 1019 et
797 977 842 1019 in
864 989 908 1018 se
930 976 1066 1029 ipsum
1092 976 1290 1029 colligat:
1325 975 1480 1018 solitu-

260 1057 397 1099 dinem
419 1054 550 1108 igitur
565 1063 605 1095 et
625 1052 972 1105 tranquillitatem
996 1059 1292 1102 consectatur,
1312 1059 1359 1092 ut
1377 1061 1480 1091 con-

259 1130 480 1184 templatio
504 1130 686 1183 strepitu
704 1159 718 1181 ‚
760 1128 865 1171 visis
890 1127 1065 1180 alienis,
1089 1137 1130 1169 et
1155 1126 1327 1169 omnino
1351 1124 1482 1168 sensi-

260 1205 343 1249 bus
369 1206 604 1258 Corporis,
635 1217 687 1246 ne
710 1203 997 1257 perturbetur.

317 1282 393 1325 111.
427 1282 620 1333 Denique
640 1293 730 1322 esse
754 1280 922 1332 quidem
950 1281 1147 1322 Animum
1162 1311 1177 1332 ‚
1196 1281 1268 1322 sed
1291 1280 1479 1321 eumdem

259 1360 303 1402 vi
327 1361 404 1401 sua
429 1358 597 1412 penitus
622 1358 849 1410 spoliatum
866 1387 881 1409 ‚
911 1370 998 1398 non
1026 1356 1129 1398 satis
1159 1366 1280 1398 acute
1306 1356 1478 1399 dicitur.

260 1436 406 1478 Animi
425 1435 535 1477 enim
556 1435 738 1476 essentia
761 1434 901 1486 posita
921 1443 983 1474 est
1002 1433 1044 1475 in
1064 1433 1345 1486 cogitatione:
1367 1445 1484 1474 cum·

261 1523 345 1565 que
370 1511 477 1553 idem
504 1509 559 1552 sit
591 1509 801 1561 simplex,
831 1520 879 1550 ut
913 1509 1040 1550 modo
1069 1509 1277 1560 vidimus,
1314 1509 1378 1550 vis
1410 1521 1482 1549 co-

262 1588 422 1643 gitandi
455 1587 641 1629 habenda
678 1595 741 1628 est
779 1596 978 1628 constans
1004 1594 1044 1626 et
1069 1585 1284 1638 princeps.
1343 1584 1484 1639 Quare

263 1664 432 1706 sublata
460 1661 672 1715 cogitandi
708 1660 781 1716 vi,
825 1662 917 1713 ipse
954 1660 1136 1703 Animus
1164 1660 1359 1702 sublatus
1385 1661 1480 1702 erit.

260 1738 324 1780 Ita
362 1748 471 1779 certe
522 1737 566 1778 in
603 1749 737 1778 rerum
779 1745 928 1778 natura
967 1735 1052 1778 ficri
1095 1734 1479 1777 animadvertimus.

261 1813 458 1865 Corpora
481 1811 621 1853 omnia
641 1810 795 1852 habent
821 1809 903 1850 vim
933 1820 1073 1849 motus
1089 1837 1105 1859 ‚
1127 1808 1353 1849 soliditatis
1372 1838 1386 1858 ,
1413 1818 1482 1849 ex-

264 1889 500 1932 tensionis:
524 1889 627 1930 tolle
647 1888 720 1929 has
741 1886 875 1938 vires,
899 1885 1011 1938 ipsas
1032 1897 1096 1925 res
1122 1883 1363 1926 sustuleris.
1401 1884 1477 1927 Cf.

265 1965 606 2012 Mendelsohnus
643 1964 685 2006 in
721 1963 973 2017 Appendice
1010 1962 1060 2005 ad
1092 1961 1392 2014 Phaedonem,
1436 1974 1480 2015 p⁴

267 2055 345 2085 εισι
381 2051 420 2083 et
451 2053 571 2093 seqq0

800 2137 842 2189 §-
905 2138 960 2180 X.

323 2252 392 2296 De
414 2252 668 2293 Auctoribus
689 2259 729 2292 et
751 2249 1058 2306 Interprctibus
1078 2248 1201 2301 hegf'as
1224 2248 1430 2304 quaestio-

378 2330 441 2371 εἰῶ·
473 2328 524 2370 (le
548 2328 698 2368 Animi
735 2327 1098 2377 Immortalitatc,
1139 2334 1175 2366 ct
1207 2328 1254 2366 in
1278 2326 1379 2383 pri-

575 2407 652 2445 zmjs
684 2404 734 2445 sla
768 2405 859 2454 <jas
883 2403 1182 2459 Simplicitase.

325 2518 443 2562 Hanc
471 2525 601 2560 totam
629 2518 917 2570 quaestionem
942 2517 995 2560 iis
1013 2547 1026 2570 ,
1059 2529 1165 2571 quae
1191 2515 1273 2563 sibi
1298 2512 1489 2556 firmissi-

1426 2601 1490 2632 ma
