1693 3110
476 150 1177 200 ADIIEUSDIUM.
1387 166 1456 215 τε

231 284 351 331 rum,
383 290 576 330 morum,
610 278 797 320 omnium
834 278 1005 321 omnino
1046 292 1180 323 rerum
1216 278 1332 322 illius
1372 293 1445 325 ae-

230 355 348 396 tatis.
408 352 559 406 Neque
591 365 689 395 vero
725 364 804 393 nos
843 352 1078 397 invidemus
1112 355 1356 410 huJ‘usmodi
1381 357 1446 399 in-

226 429 542 482 terpretationes
578 428 822 470 hominibus
858 427 1044 471 Graecae
1077 432 1242 486 linguae
1272 442 1312 474 et
1336 433 1445 474 anti-

229 507 406 559 quitatis
432 505 613 559 ignaris}
649 505 722 547 sed
752 506 920 547 eosdem
955 506 1051 548 inde
1079 508 1128 548 de
1160 509 1444 563 scriptoribus

224 582 437 632 rebusque
467 579 641 621 Graecis
678 579 894 633 judicare,
926 582 991 622 vel
1028 580 1238 634 ridemus,
1271 585 1336 625 vel
1367 583 1446 625 mi-

222 669 435 708 seramur,
467 665 576 697 certe
599 657 826 709 miramur,
849 657 923 709 qui
945 657 1223 711 ignorantiam
1248 659 1447 713 ignoran-

218 734 280 776 tia
313 734 563 786 cumulent,
593 746 668 775 nec
710 743 930 776 vereantur
963 733 1140 787 prodere
1174 747 1217 775 se
1250 737 1410 778 nescire
1423 766 1443 792 ².

218 812 322 864 quid
358 811 412 853 sit
434 811 636 865 J'udicare.
697 810 789 862 At,
818 809 1050 862 inquiunt,
1090 794 1335 866 quaerimus
1362 826 1440 854 mc-

217 892 377 942 cleum,
410 903 489 930 non
514 889 760 943 putamina.
823 887 915 931 Vos
942 900 1068 939 vero,
1099 897 1148 929 ut
1181 889 1327 942 pueri,
1359 902 1443 932 nu-

217 969 341 1009 cibus
383 967 564 1009 luditis:
614 966 739 1017 quasi
774 977 874 1008 vero
907 965 988 1007 ista
1023 964 1175 1008 similia
1208 966 1323 1009 sint:
1365 976 1440 1009 aut

218 1043 339 1094 quasi
365 1044 415 1084 ad
439 1043 635 1085 nucleum
664 1041 745 1084 nisi
769 1054 841 1094 per
869 1052 1069 1095 putamen
1092 1042 1231 1083 aditus
1254 1042 1335 1085 sit:
1366 1051 1440 1084 aut

216 1120 342 1166 quasi
367 1120 407 1161 id
424 1150 438 1171 ,
473 1120 588 1170 quod
613 1131 692 1160 vos
715 1128 908 1171 putamen
933 1118 1096 1161 vocatis
1122 1118 1166 1160 in
1200 1119 1437 1172 scriptore,

209 1196 257 1237 id
293 1204 382 1247 est,
413 1195 596 1237 vestitus
628 1205 668 1236 et
699 1194 834 1236 forma
871 1195 1106 1249 orationis,
1138 1207 1224 1237 non
1250 1196 1347 1236 item
1377 1196 1434 1237 sit

212 1283 310 1324 pars
332 1272 560 1315 sententiae
584 1282 622 1313 et
646 1270 911 1314 nutrimenti.
982 1271 1043 1313 Et
1068 1283 1194 1323 vero,
1227 1284 1321 1313 cum
1343 1271 1438 1324 ipse

207 1347 330 1390 Plato
356 1357 417 1389 est
437 1349 590 1401 poeta,
622 1356 709 1388 tum
736 1346 868 1389 multa
898 1347 1100 1389 assumsit
1127 1360 1148 1389 a
1180 1348 1352 1401 poetis,
1387 1357 1436 1390 ut

209 1436 233 1465 a
256 1425 422 1466 nemine
443 1424 728 1478 intelligatur,
761 1423 846 1466 nisi
868 1423 1027 1465 Graece
1046 1425 1220 1476 legatur.
1282 1424 1436 1477 Neque

208 1509 347 1543 tamen
387 1502 525 1543 omnis
559 1501 722 1543 Graece
755 1503 908 1543 doctus
948 1501 1154 1553 intelliget
1188 1501 1430 1544 Platonem.

207 1577 279 1619 Ad
308 1576 477 1629 linguae
501 1586 733 1618 accuratam
759 1577 1044 1630 cognitionem
1069 1577 1237 1620 accedat
1262 1585 1432 1628 oportet

206 1652 429 1704 proprium
464 1653 672 1704 quoddam
710 1653 887 1706 legentis
922 1653 1168 1706 ingenium,
1211 1653 1431 1703 studium,

201 1730 435 1783 judicium:
470 1729 626 1781 quibus
664 1730 901 1772 instructus
932 1742 1022 1771 esse
1058 1729 1179 1771 debet
1215 1729 1428 1771 Platonem

202 1806 271 1849 vel
307 1805 629 1859 intellecturus,
677 1808 743 1847 vel
783 1806 994 1849 editurus.
1055 1806 1139 1848 Hic
1174 1807 1304 1860 igitur
1335 1808 1430 1860 pbi-

199 1885 442 1938 losophiam
463 1885 554 1939 ejus
577 1897 835 1938 cognoscere
860 1887 1047 1928 studebit
1073 1917 1088 1938 ,
1120 1895 1166 1927 ut
1190 1886 1328 1938 primo
1352 1899 1428 1928 cu-

200 1964 357 2017 jusque
376 1964 531 2016 dialogi
559 1973 598 2005 et
621 1975 911 2017 argumentum
948 1975 988 2007 et
1009 1965 1237 2007 consilium
1266 1966 1430 2019 perspi-

207 2042 316 2085 ciat:
351 2042 498 2085 deinde
522 2053 604 2084 tres
628 2044 824 2096 antiquae
860 2044 1158 2098 philosophiae
1190 2056 1329 2098 partes
1364 2046 1426 2087 di-

203 2123 422 2177 stingum,
452 2135 491 2165 et
529 2124 761 2176 unicuique
796 2137 917 2166 suum
954 2137 1001 2167 ac
1025 2124 1244 2178 proprium
1268 2127 1337 2167 det
1361 2126 1426 2168 lo-

199 2212 329 2253 cum,
359 2200 575 2256 Logicae,
598 2201 802 2255 EtbiCae,
834 2203 1056 2256 physicae:
1092 2204 1308 2258 subjectas
1334 2205 1421 2248 sin-

204 2280 316 2332 gulis
354 2290 491 2332 partes
534 2282 778 2325 discernat:
840 2281 1026 2336 Logicae
1052 2313 1067 2335 ,
1118 2284 1421 2338 Dialecticam,

201 2357 471 2410 oratoriam,
517 2360 760 2412 poeticam,
803 2361 1157 2415 Grammaticain,
1190 2365 1424 2408 Criticamz

203 2434 405 2484 Ethicae,
449 2436 569 2478 locos
604 2438 652 2478 de
684 2436 939 2490 Principiis,
983 2437 1261 2491 Virtutibus,
1302 2441 1419 2482 Fini-

201 2512 310 2565 bus,
345 2512 538 2567 Officiis,
569 2515 744 2559 Summo
769 2515 916 2559 Bono:
951 2517 1180 2572 Pliysicae,
1212 2520 1262 2560 de
1292 2519 1417 2560 rebus

1346 2598 1423 2642 Di-
