1693 3110
288 158 368 213 196
645 150 1130 196 EPISTULA

292 277 430 321 omnia
467 278 575 320 delet
608 288 655 318 ac
692 275 852 328 diruit,
894 288 969 319 nec
1016 274 1258 319 aedificandi
1292 278 1506 322 materiam

287 354 505 405 relinquit.

349 428 448 470 CR.
479 427 537 470 Et
557 428 660 470 mihi
683 428 783 471 satis
806 438 891 471 est:
915 431 986 481 qui
1012 439 1053 471 et
1075 430 1170 483 ipse
1193 429 1417 482 aliquando
1440 429 1501 472 is·-

294 514 383 547 tum
419 506 561 560 legens
597 507 748 549 librum
768 537 783 559 ‚
814 520 944 560 quum
968 519 1258 562 argumentum
1284 509 1334 551 de
1356 508 1507 563 Spatia

294 583 592 637 cognovissem
605 614 621 636 ‚
639 597 731 626 eum
748 584 906 638 abjeci;
929 588 1041 637 quod
1063 585 1164 625 mihi
1181 594 1396 637 appareret
1409 594 1506 639 per·

291 660 397 716 gula
416 662 629 716 pictorum
645 691 659 712 ,
678 662 772 703 reri
790 661 924 710 nihil,
944 662 1084 702 omnia
1100 657 1206 710 ficta
1219 689 1234 711 ‚
1253 671 1330 701 nec
1349 659 1511 710 reliqua

297 737 560 789 disputatio,
593 748 639 778 ut
673 737 695 779 a
729 735 849 778 falsis
880 735 1013 778 initiis
1048 733 1264 788 profecta,
1293 746 1386 775 vera
1417 744 1509 775 esse

296 821 460 864 posset.
517 813 650 864 quue
686 812 821 853 multo
854 811 976 853 etiam
1003 810 1133 863 magis
1158 820 1271 851 nunc
1293 809 1510 863 iudicavi,

293 889 494 942 explicita
517 888 597 929 ista
618 887 931 941 Categoriarum
959 886 1156 928 vanitate.
1209 888 1375 941 Quare,
1404 897 1508 939 age,

290 965 581 1019 relinquamus
606 966 767 1007 tandem
793 966 899 1006 istos
919 963 1173 1006 Cimmerios
1192 964 1335 1015 lacus,
1352 962 1508 1017 ac‘dias

292 1044 469 1087 luminis
493 1055 613 1084 auras
638 1052 888 1094 repetamus,

349 1116 534 1161 LYND.
569 1118 681 1160 Mihi
706 1119 872 1171 quidem
890 1149 905 1170 ‚
939 1119 1135 1172 quamvis
1162 1119 1289 1174 huJ'us
1318 1118 1514 1161 scientiae

299 1196 490 1249 experti,
523 1196 559 1237 si
593 1208 693 1249 pace
731 1205 868 1238 vestra
903 1198 1039 1238 dicere
1063 1199 1159 1239 licet
1183 1197 1285 1247 quid
1307 1197 1479 1238 sentiam
1497 1227 1512 1249 ‚

295 1274 359 1318 sic
395 1274 573 1316 videtur.
634 1271 682 1315 In
716 1272 1009 1326 Metaphysica
1043 1274 1365 1324 constituenda,
1391 1283 1438 1314 ut
1470 1273 1515 1315 in

296 1350 392 1393 aliis
417 1349 787 1402 disciplinis‚non
812 1350 853 1391 id
869 1351 1142 1403 spectandum
1166 1360 1344 1402 esse‚ut
1370 1350 1517 1395 fecun-

299 1428 382 1476 da,
414 1426 485 1466 sed
510 1435 553 1465 ut
581 1437 674 1466 vera
698 1425 780 1466 sitt
816 1435 854 1467 et
869 1455 890 1476 ,η
917 1428 953 1467 si
980 1428 1095 1468 nulla
1126 1427 1298 1469 omnino
1324 1439 1408 1479 stt,
1440 1441 1517 1472 nec

297 1513 391 1545 esse
416 1500 583 1553 possit,
618 1510 664 1540 ut
700 1500 782 1541 hoe
808 1499 946 1552 ipsum
969 1529 983 1550 ,
1015 1501 1171 1541 nullam
1210 1513 1300 1542 esse
1325 1514 1398 1543 nec
1424 1514 1517 1545 esse

299 1591 454 1636 posse,
471 1578 598 1621 nobis
618 1586 887 1630 perspectum
911 1577 1256 1628 exploratumque
1272 1576 1359 1620 fiat.
1389 1579 1518 1621 Dein-

298 1659 349 1700 de
373 1656 572 1699 Kantium
594 1655 731 1707 tanti,
758 1664 803 1695 ut
826 1653 993 1705 fertur,
1018 1653 1178 1708 ingenii
1198 1654 1332 1697 virum
1348 1686 1364 1709 ‚
1392 1656 1521 1700 nihil-

297 1746 351 1778 ne
382 1733 578 1774 utilitatis
598 1731 793 1772 attulisse
812 1730 999 1771 dicamus
1013 1728 1034 1770 2

355 1809 431 1851 W.
463 1809 520 1850 Et
546 1809 732 1849 modeste
758 1815 796 1846 et
826 1807 1053 1858 prudenter
1084 1818 1258 1859 mones,
1298 1808 1516 1861 Lyndene-.

298 1886 397 1940 Ego
420 1886 443 1926 a
463 1885 587 1926 vobis
608 1892 781 1936 rogatus
800 1891 924 1933 atque
943 1884 1043 1924 adeo
1064 1894 1239 1926 coactus
1258 1886 1392 1927 dicere
1414 1886 1517 1938 quid

297 1964 344 2007 in
383 1961 543 2004 Critica
580 1960 711 2002 Purae
747 1958 944 2000 Rationis
983 1959 1283 2012 improbassem
1307 1992 1321 2012 ‚
1364 1962 1516 2005 horum

301 2039 499 2093 quaedam
514 2036 766 2079 enumeravi.
793 2036 904 2078 Sunt
927 2049 1027 2078 vero
1053 2036 1173 2079 etiam
1192 2049 1298 2089 quae
1310 2039 1481 2090 probem
1500 2054 1513 2085 z

300 2113 496 2157 nimirum
521 2111 780 2165 singularum
808 2112 1075 2164 quarumdam
1094 2112 1272 2165 partium
1289 2114 1517 2166 expolitio-

301 2200 395 2233 nem
412 2197 480 2240 ,et
503 2197 643 2229 acutas
667 2187 895 2230 nonnullas
911 2186 1305 2230 animadversiones.
1349 2190 1407 2229 At
1425 2187 1519 2230 uni-

304 2277 463 2310 versam
478 2263 708 2306 doctrinam
725 2296 740 2316 ‚
766 2263 970 2316 principia
986 2273 1024 2304 et
1047 2263 1202 2305 exitum
1219 2294 1234 2313 ‚
1259 2263 1434 2317 probare
1455 2277 1520 2307 me

305 2349 392 2381 non
417 2351 543 2391 posse
571 2338 722 2381 fateor,
763 2339 976 2389 Omnino,
1003 2346 1047 2378 ut
1070 2337 1131 2378 ais
1148 2368 1163 2387 ‚
1185 2337 1244 2379 nil
1264 2338 1347 2380 nisi
1373 2348 1517 2380 verum

310 2415 576 2466 quaerimus:
603 2416 672 2456 std
694 2416 775 2456 hoc
797 2416 934 2468 ipsum
957 2414 1008 2455 ab
1032 2414 1125 2455 aliis
1149 2413 1275 2455 nobis
1297 2412 1484 2455 oblatum
1501 2443 1517 2464 ,

311 2502 364 2534 an
392 2502 534 2534 verum
563 2491 653 2542 sit,
683 2501 831 2536 nostro
854 2492 936 2547 ipsi
957 2491 1149 2547 judicio,
1177 2501 1263 2534 non
1293 2488 1423 2533 aliena
1444 2500 1518 2529 au-

1423 2572 1520 2607 cto-
