1693 3110
287 163 342 220 98
447 155 912 207 PROLEGOMENA
940 167 1003 199 nx
1031 154 1321 200 ammona

289 284 510 326 brutorum
550 294 694 336 genere
715 293 788 334 per
809 280 961 322 multas
992 279 1186 331 deinceps
1209 276 1499 331 generationes

289 360 483 413 m‘aneat,
523 359 655 400 donec
694 357 969 409 pravitatem,
1010 367 1113 406 quae
1148 353 1182 395 ei
1212 365 1260 395 ex
1297 354 1501 405 corporea

288 440 569 491 contagione,
603 433 744 486 ignis,
776 446 938 485 aquae,
971 433 1073 473 a'eris
1107 442 1146 473 et
1168 441 1324 482 terrae,
1355 429 1507 470 adhae-

287 514 414 562 serit,
448 513 618 564 penitus
649 508 870 562 effugent,
901 519 1028 560 atque
1066 508 1120 548 ita
1149 507 1191 549 in
1218 506 1396 559 primum
1419 514 1504 546 sta-

285 595 408 635 tum,
442 586 482 627 in
516 597 602 636 quo
636 584 770 625 fuerat
804 597 933 636 quum
972 596 1020 624 ex
1057 582 1207 625 summi
1237 582 1314 624 Dei
1338 580 1507 627 officina

285 661 500 713 prodiret,
533 660 776 700 restituatur
810 659 931 713 (vid.
959 658 1062 700 ibid.
1091 672 1136 711 p.
1164 670 1261 711 531.
1287 670 1376 711 seq.
1396 654 1470 708 ').”

343 735 458 777 Haec
489 735 695 786 breviter,
726 735 797 775 sed
831 735 880 775 ad
906 743 1099 775 nostrum
1126 733 1395 786 propositum
1431 746 1503 776 sa-

286 810 369 860 tis,
409 822 459 851 ex
502 808 698 862 dialogo,
744 809 907 850 Timaei
942 810 1112 851 nomine
1147 809 1386 863 inscripto:
1428 809 1504 851 ubi

285 886 406 928 Plato
430 885 674 927 sententiam
703 898 821 927 suam
849 887 898 927 de
930 899 1065 927 rerum
1092 885 1314 938 principiis
1341 895 1380 928 et
1406 897 1506 928 ortu

285 960 484 1013 explicat.
548 959 774 1002 Videamus
803 963 887 1015 jam
921 961 1150 1013 peculiares
1176 961 1225 1002 de
1249 961 1504 1003 Immortali-

286 1044 371 1083 tate
404 1035 746 1086 dxsputatione33
781 1035 835 1076 ita
873 1035 1072 1087 quidem,
1103 1045 1152 1077 ut
1186 1048 1254 1079 eas
1286 1037 1309 1078 a
1346 1036 1506 1079 fabulis

286 1111 616 1164 distinguamus.
687 1111 795 1152 Nam
841 1111 979 1154 tribus
1036 1112 1246 1166 dialogis,
1290 1111 1506 1166 Gorgiae,

286 1187 397 1228 libro
443 1187 592 1228 ultimo
629 1188 678 1229 de
714 1186 954 1239 Republica
979 1218 993 1238 ,
1035 1198 1076 1229 et
1106 1189 1345 1241 Phaedoni,
1386 1189 1509 1233 Plato

288 1263 497 1317 ejusmodi
528 1264 721 1317 epilogos
756 1264 932 1317 adiecit,
967 1264 1038 1305 ubi
1062 1264 1112 1305 de
1134 1264 1378 1307 conditione
1404 1265 1511 1307 Ani-

287 1352 444 1382 marum
473 1341 585 1393 apud
623 1339 781 1382 inferos
819 1353 868 1382 ex
891 1341 1087 1394 populari
1115 1341 1318 1393 opinione
1339 1351 1378 1384 et
1404 1345 1510 1395 poe·

285 1423 421 1455 tarum
459 1414 620 1456 fabulis
661 1423 904 1466 exponeret.
966 1416 1087 1471 Quos
1120 1416 1242 1458 locos
1272 1416 1333 1457 nil
1358 1416 1509 1460 attinet

286 1490 468 1543 referre3
501 1500 543 1533 et
566 1491 601 1533 si
636 1491 740 1543 quid
769 1491 923 1533 habent
954 1503 1003 1533 ex
1038 1492 1210 1544 propria
1240 1500 1282 1533 et
1310 1492 1508 1536 interiore

286 1567 536 1622 philosophi
561 1566 779 1618 doctrina,
809 1566 891 1609 hoc
922 1577 1065 1620 postea
1089 1567 1349 1609 notabimus.
1394 1566 1508 1610 lllud

284 1655 326 1686 et
358 1644 403 1686 in
437 1642 585 1696 primis
620 1652 662 1684 et
696 1643 874 1684 maxime
897 1643 1212 1695 quaerendum,
1244 1643 1404 1696 quibus
1445 1657 1509 1687 ra-

284 1722 479 1765 tionibus
512 1733 552 1764 et
585 1722 846 1776 argumentis
878 1722 998 1762 Plato
1042 1722 1292 1763 Animorum
1328 1722 1506 1765 Immor-

282 1799 486 1840 talitatem
513 1797 718 1840 conficere
741 1811 786 1839 ac
810 1798 1093 1838 demonstrare
1120 1799 1343 1842 studuerit.
1383 1800 1504 1856 Quae

286 1875 454 1927 quidem
481 1884 721 1929 argumenta
750 1875 792 1916 in
821 1875 1019 1927 pluribus
1044 1876 1211 1927 prodita
1247 1886 1347 1920 sunt
1370 1878 1506 1920 dialo-

284 1952 380 2007 gis,
411 1952 617 2004 Timaeo,
649 1951 866 2001 Menone,
895 1951 1112 2003 Phaedro,
1143 1953 1304 1995 decimo
1331 1955 1381 1996 de
1413 1955 1501 1997 Re-

282 2030 492 2083 publica,
524 2041 563 2071 et
600 2030 776 2071 maxime
804 2029 846 2070 in
881 2026 1116 2071 Phaedone.

84 2106 263 2180 Tissfc'ofx
337 2106 396 2148 Et
442 2107 484 2147 in
511 2105 687 2148 Timaeo
723 2117 828 2158 quae
851 2114 1042 2153 exstant,
1069 2104 1194 2147 modo
1224 2104 1502 2155 protulimus.

283 2180 393 2221 Sunt
424 2193 523 2222 vero
561 2181 630 2222 illa
669 2193 755 2223 non
795 2179 1148 2221 conclusionibus
1187 2181 1501 2236 demonstrata,

283 2259 355 2299 sed
385 2258 596 2310 probabili
629 2258 910 2311 explicatione
939 2258 989 2298 ad
1023 2256 1254 2298 doctrinam
1288 2257 1339 2299 de
1364 2269 1501 2299 rerum

281 2334 503 2387 principiis
528 2344 567 2375 ct
592 2345 687 2375 ortu
714 2335 1045 2376 accommodata.
1097 2334 1236 2390 Quare
1261 2334 1502 2388 progredia-

283 2421 376 2451 mur
404 2409 609 2451 continuo
641 2412 690 2451 ad
721 2411 898 2463 reliqua.

79 2478 263 2554 Μὲἓῖξᾶἑκ
350 2485 399 2529 1¹¹
442 2483 626 2527 M0¹¹0¹²e
670 2498 718 2539 P·
761 2489 840 2540 16,
882 2486 915 2528 F
928 2517 944 2540 2
992 2484 1051 2528 G.
1095 2498 1183 2539 seq.
1232 2485 1502 2538 ostenditur,

1409 2573 1502 2607 om-
