1693 3110
436 172 774 222 PHAEDoNts
815 172 1165 218 PLATomct.
1338 185 1419 230 135

199 312 317 352 reae,
343 312 426 353 qua
447 299 628 342 Animus
655 305 839 338 constat.
900 295 1054 348 Neque
1084 305 1223 337 tamen
1262 294 1325 338 vel
1353 296 1416 338 sic

204 386 294 418 tota
315 376 519 430 cogitatio
548 375 738 417 efficitur.
813 372 924 416 Nam
949 373 1176 426 requiritur
1197 382 1245 413 ut
1268 384 1414 414 omnes

199 452 473 505 cogitationis
489 462 626 505 partes
643 450 694 491 ab
711 451 795 492 una
820 450 964 502 aliqua
988 459 1104 502 parte
1127 449 1409 502 colligantur,

197 529 540 584 conjungantur,
569 537 610 569 et
630 526 687 569 ita
708 527 760 570 ad
783 535 916 569 totam
938 526 1237 580 cogitationem
1255 527 1417 568 consti-

197 616 386 650 tuantur.
431 609 543 650 Haec
565 616 703 650 autem
726 619 825 660 pars
845 605 1057 661 eJ‘usmodi
1074 605 1193 647 debet
1217 619 1339 658 esse,
1367 613 1417 647 ut

198 684 338 726 nullas
372 683 520 725 habeat
543 685 636 737 ipsa
660 694 800 738 partes
816 714 831 736 ‚
863 693 990 736 atque
1012 683 1114 725 adeo
1136 682 1315 736 simplex
1343 682 1415 726 sit.

194 758 316 814 Quae
337 759 533 813 profecto
557 758 772 815 pars'ipse
791 770 857 803 est
884 761 1092 803 Animus:
1123 763 1257 811 eaque
1278 770 1414 811 reper-

192 842 267 891 ta,
289 839 460 882 caeteris
483 841 676 893 partibus
697 840 800 883 adeo
824 852 913 883 non
938 851 1047 894 opus
1069 839 1145 883 erit
1160 869 1176 893 ,
1199 849 1245 881 ut
1268 838 1417 894 potius

182 916 330 957 adesse
351 926 578 969 nequeant.

249 994 462 1037 Praeterea
496 995 758 1037 conscientia
792 1003 883 1036 tota
916 1006 1004 1036 non
1028 994 1235 1036 constitui
1270 1000 1415 1046 potest

191 1083 244 1113 ex
269 1070 494 1124 partibus,
524 1083 632 1124 quae
665 1071 886 1124 separatim
914 1071 1154 1116 exsistunt,
1186 1070 1243 1111 ita
1275 1080 1322 1110 ut
1361 1081 1413 1110 ex

192 1147 342 1189 multis
378 1147 577 1190 obscuris
600 1148 722 1199 quasi
748 1146 1069 1188 conscientiolis
1101 1145 1224 1186 unica
1249 1144 1409 1198 integra

187 1223 473 1276 distinctaque
496 1224 784 1266 constituatur
809 1222 1086 1265 conscicntia.
1147 1221 1302 1274 Neque
1321 1220 1404 1261 hoc

189 1302 326 1354 magis
351 1300 438 1342 fieri
465 1309 612 1354 potest
647 1313 693 1342 ac
718 1312 761 1342 v.
794 1312 835 1342 c.
869 1312 917 1340 ex
939 1299 1085 1340 multis
1109 1297 1308 1340 obscuris
1333 1308 1411 1337 no·

187 1377 383 1419 tionibus
422 1390 502 1419 una
542 1388 674 1429 eaque
707 1378 818 1420 clara
853 1376 1075 1431 componi.
1147 1375 1252 1419 Vid.
1298 1374 1408 1419 idem

186 1455 554 1508 Mendeisohnus,
584 1470 630 1509 p.
655 1468 755 1511 215.

680 1610 722 1661 §-
780 1607 906 1651 VII.

380 1761 530 1815 IVeque
559 1768 673 1802 motu
702 1761 907 1814 cogitatio
933 1761 1033 1816 effici
1055 1769 1208 1817 potest.

239 1913 371 1970 Quod
395 1914 433 1956 si
457 1915 554 1967 quis
579 1914 799 1968 expositae
829 1912 1204 1958 demonstrationis
1226 1915 1406 1960 efficien-

198 1998 281 2033 tam
309 1990 364 2032 ita
390 1989 687 2044 subterfugere
710 2000 916 2043 conetur,
950 2001 996 2033 ut
1021 1993 1278 2054 conteantss
1311 2006 1400 2035 nou

197 2071 267 2110 v'm
293 2065 536 2121 cogitandi,
568 2066 640 2107 sed
659 2068 864 2106 actionem
887 2066 1107 2120 cogitaszdi
1129 2067 1187 2115 in.
1197 2078 1317 2108 motu
1339 2081 1409 2109 es.

198 2154 230 2183 sn
253 2144 465 2196 positamt
493 2153 533 2184 et
552 2143 791 2185 varietatem
820 2143 1127 2195 cogitationum
1151 2155 1238 2185 non
1261 2156 1311 2186 ex
1334 2157 1406 2185 va-

196 2220 325 2260 rietate
339 2219 562 2273 figurarum
583 2230 624 2260 et
645 2219 944 2261 collocationis
966 2218 1145 2270 partium
1169 2219 1299 2271 oriri,
1323 2220 1397 2261 sed

199 2307 240 2336 ex
264 2296 459 2337 varietate
496 2304 720 2346 motuum;
757 2295 792 2336 is
824 2293 957 2346 sciat,
981 2305 1026 2336 se
1050 2294 1093 2335 in
1118 2295 1299 2337 eamdem
1327 2308 1402 2337 su-

197 2371 338 2424 periori
357 2381 603 2424 argumento
626 2369 888 2413 confutatam
911 2372 1226 2425 repugnantiam
1249 2371 1406 2414 incide-

192 2458 248 2490 re⁴
297 2445 435 2488 Nam:

250 2525 274 2568 i..
316 2524 445 2566 Actio
473 2523 690 2577 cogitandi
714 2536 800 2565 non
820 2523 1014 2576 aliunde,
1046 2535 1171 2576 quam
1195 2535 1245 2566 cx
1270 2523 1312 2565 vi
1336 2536 1410 2563 co-

864 2601 884 2643 l
912 2615 940 2656 4
1349 2600 1412 2652 gi.
