1693 3110
307 197 396 263 §290
516 182 1299 256 pitormpmcus

303 335 473 384 petuam
495 331 777 384 stabilemque
796 330 840 374 in
863 344 907 374 ea
926 332 1030 374 urbe
1053 332 1188 375 sedem
1213 335 1404 388 accepit,
1426 320 1531 389 qua}

311 414 411 447 tuor
436 407 716 449 celeberrimis
752 405 810 448 ibi
835 407 1085 451 constitutis
1119 409 1312 452 scholis:
1345 410 1535 453 Platoni·

305 488 387 532 ca,
419 481 461 522 in
500 483 749 525 Academia:
793 483 1090 535 Aristotelica,
1124 484 1167 526 in
1199 485 1374 538 Lyceo:
1417 485 1534 528 Stoi-

303 563 384 608 ca,
416 558 460 600 in
497 557 626 602 Stoa:
669 559 904 612 Epicurea,
947 560 990 601 in
1029 560 1183 602 Horto.
1246 560 1425 602 Tantam
1456 560 1535 613 igi-

309 636 382 673 tur
418 634 557 676 omnis
589 636 805 678 doctrinae
834 636 919 678 vim
956 645 996 677 et
1029 636 1194 688 copiam
1225 637 1410 678 Athenae
1435 635 1533 677 sinu

304 720 391 751 suo
417 711 659 763 complexae
677 742 692 764 ,
724 724 819 754 cum
841 711 1012 752 caeteris
1039 711 1214 764 populis
1247 712 1536 753 communica-

304 795 492 839 verunt;
525 797 575 829 ut
598 787 796 840 deinceps
830 800 904 841 per
933 787 1067 829 multa
1103 789 1270 829 saecula
1303 800 1448 829 omnes
1482 800 1532 829 ex

305 863 403 904 toto
427 872 628 905 terrarum
657 864 759 906 orbe
782 864 966 906 studiosi
990 864 1276 905 adolescentes
1293 894 1307 915 ,
1340 863 1415 916 qui
1437 864 1536 916 qui-

304 938 397 980 dem
430 938 702 992 diligentem,
745 939 1030 991 locupletem,
1062 947 1102 978 et
1133 939 1363 992 elegantem
1402 940 1536 983 disci-

304 1014 517 1069 plinarum
541 1014 866 1067 Literarumque
887 1015 1088 1057 rationem
1109 1016 1327 1069 percipere
1346 1018 1530 1071 vellent,

304 1090 349 1132 in
381 1092 488 1134 hanc
526 1089 688 1134 Urbem
730 1092 1030 1144 confluerent,
1064 1104 1173 1145 quae
1207 1105 1289 1135 una
1315 1094 1535 1136 verissima

299 1176 344 1208 et
378 1168 622 1221 cogitandi,
653 1179 695 1210 et
730 1169 923 1221 dicendi,
967 1179 1007 1210 et
1042 1170 1248 1222 vivendi,
1294 1182 1445 1222 parens
1482 1182 1532 1212 ac

301 1242 502 1294 magistra
525 1252 663 1285 esset:
684 1252 812 1295 atque
835 1243 1089 1285 mortalibus
1112 1257 1198 1286 non
1219 1246 1359 1286 solum
1385 1246 1534 1287 huma·

301 1319 453 1361 nitatis
478 1320 766 1372 cognitionem
795 1330 1086 1374 expromeret,
1122 1322 1197 1362 sed
1221 1322 1344 1363 etiam
1374 1323 1532 1364 divini-

294 1394 399 1435 tatis
433 1394 776 1437 communionem
809 1394 1067 1448 impertiret:
1111 1405 1153 1438 et
1191 1398 1307 1449 quod
1355 1396 1533 1439 mirifice

297 1471 455 1513 cecinit
475 1479 591 1514 vates
606 1500 623 1523 ,

548 1622 752 1651 summam
786 1611 1001 1665 sapientia
1025 1606 1238 1663 panderet
1267 1621 1409 1650 arcem
1427 1637 1444 1661 ,
1502 1613 1504 1616 ’
1527 1616 1529 1619 “

294 1688 503 1743 ,Qimtuor
532 1690 724 1745 antiquis
755 1701 864 1743 quae
894 1686 1116 1729 heredibus
1146 1685 1209 1728 esi
1235 1686 1342 1730 clam
1366 1701 1547 1744 consors

296 1765 421 1808 Unde
450 1767 662 1808 hominum
694 1778 863 1807 errores
894 1764 1016 1819 longe
1046 1764 1217 1820 lateque
1240 1778 1324 1820 per
1353 1765 1492 1806 orbem

298 1840 561 1898 Despicere,
588 1853 717 1897 alque
743 1841 918 1883 hmniles
936 1849 1100 1897 possent
1112 1851 1375 1882 contemnere
1385 1853 1529 1883 curas.

354 1983 472 2026 Haec
510 1985 561 2027 de
595 1983 774 2027 Graecis
817 1993 857 2025 et
882 1983 1091 2025 Romanis
1124 1982 1298 2024 uberius
1323 1983 1530 2024 tradimus

292 2063 343 2105 in
380 2061 572 2102 Historia
612 2059 877 2102 Literarum:
910 2072 1057 2111 nunc,
1101 2059 1351 2100 brevissime
1387 2060 1528 2112 dicta,

296 2146 449 2179 nostro
472 2135 698 2188 proposito
722 2135 954 2177 sufficiunt.
1013 2135 1125 2176 illud
1145 2136 1255 2176 enim
1290 2136 1417 2186 volo,
1452 2146 1530 2188 ut,

298 2213 469 2265 quando
507 2211 680 2254 fortuna
705 2213 863 2254 similes
887 2213 1208 2255 Atheniensium
1245 2225 1426 2265 sumus,
1461 2225 1532 2255 eo-

302 2290 490 2330 rumdem
519 2301 598 2330 nos
629 2289 788 2331 similes
825 2289 977 2331 animis
1001 2299 1284 2341 praestemus.
1345 2288 1402 2330 Hi
1443 2300 1533 2330 ma-

292 2367 459 2421 j0ribus
485 2367 565 2408 orti
582 2397 596 2418 ,
615 2368 691 2420 qui
714 2380 830 2409 suam
851 2366 1135 2418 Graeciaeque
1157 2365 1392 2407 libertatem
1415 2378 1528 2420 egre*-

301 2444 381 2498 giis
418 2444 612 2486 victoriis
648 2444 770 2485 tutati
808 2454 980 2494 essent,
1011 2442 1137 2483 maris
1164 2441 1386 2494 imperium
1417 2439 1529 2483 obti-

300 2522 529 2574 nuissent,
561 2520 777 2563 doctrinae
799 2521 922 2564 laude
953 2518 1230 2571 floruissent,
1259 2527 1393 2581 quum
1423 2516 1530 2557 temi-

1445 2600 1527 2646 Por,
