<?xml version="1.0" encoding="UTF-8"?>
<!DOCTYPE html PUBLIC "-//W3C//DTD XHTML 1.0 Transitional//EN"
    "http://www.w3.org/TR/xhtml1/DTD/xhtml1-transitional.dtd">
<html xmlns="http://www.w3.org/1999/xhtml" xml:lang="en" lang="en">
 <head>
  <title>
</title>
<meta http-equiv="Content-Type" content="text/html;charset=utf-8" />
  <meta name='ocr-system' content='tesseract 3.04.00' />
  <meta name='ocr-capabilities' content='ocr_page ocr_carea ocr_par ocr_line ocrx_word'/>
</head>
<body>
  <div class='ocr_page' id='page_1' title='image "./opusculavariiarg02wytt_0643.png"; bbox 0 0 1693 3110; ppageno 0'>
   <div class='ocr_carea' id='block_1_1' title="bbox 308 187 1348 246">
    <p class='ocr_par' dir='ltr' id='par_1_1' title="bbox 308 187 1348 246">
     <span class='ocr_line' id='line_1_1' title="bbox 308 187 1348 246; baseline -0.011 -4"><span class='ocrx_word' id='word_1_1' title='bbox 308 190 389 242; x_wconf 77' lang='lat' dir='ltr'>DE</span> <span class='ocrx_word' id='word_1_2' title='bbox 418 187 941 244; x_wconf 77' lang='lat' dir='ltr'><strong>IMMORTALITATE</strong></span> <span class='ocrx_word' id='word_1_3' title='bbox 972 187 1164 235; x_wconf 74' lang='lat' dir='ltr'>AmMr.</span> <span class='ocrx_word' id='word_1_4' title='bbox 1263 189 1348 246; x_wconf 65' lang='lat'>621</span> 
     </span>
    </p>
   </div>
   <div class='ocr_carea' id='block_1_2' title="bbox 104 308 1563 2577">
    <p class='ocr_par' dir='ltr' id='par_1_2' title="bbox 104 308 1563 2577">
     <span class='ocr_line' id='line_1_2' title="bbox 128 308 1563 387; baseline -0.003 -27"><span class='ocrx_word' id='word_1_5' title='bbox 128 316 219 372; x_wconf 82' lang='lat' dir='ltr'>tio,</span> <span class='ocrx_word' id='word_1_6' title='bbox 248 317 359 362; x_wconf 84' lang='lat' dir='ltr'>forte</span> <span class='ocrx_word' id='word_1_7' title='bbox 391 326 562 374; x_wconf 85' lang='lat' dir='ltr'>quoque</span> <span class='ocrx_word' id='word_1_8' title='bbox 600 313 821 370; x_wconf 76' lang='lat' dir='ltr'>proxima,</span> <span class='ocrx_word' id='word_1_9' title='bbox 852 325 958 367; x_wconf 82' lang='lat' dir='ltr'>quae</span> <span class='ocrx_word' id='word_1_10' title='bbox 981 322 1046 357; x_wconf 87' lang='lat' dir='ltr'>est</span> <span class='ocrx_word' id='word_1_11' title='bbox 1079 312 1129 355; x_wconf 81' lang='lat' dir='ltr'>de</span> <span class='ocrx_word' id='word_1_12' title='bbox 1152 311 1349 354; x_wconf 81' lang='lat' dir='ltr'>felicitate</span> <span class='ocrx_word' id='word_1_13' title='bbox 1367 308 1563 387; x_wconf 54' lang='lat' dir='ltr'>{fgitcqu</span> 
     </span>
     <span class='ocr_line' id='line_1_3' title="bbox 119 391 1348 447; baseline -0.007 -9"><span class='ocrx_word' id='word_1_14' title='bbox 119 395 376 447; x_wconf 69' lang='lat' dir='ltr'>Animorum</span> <span class='ocrx_word' id='word_1_15' title='bbox 395 396 445 437; x_wconf 90' lang='lat' dir='ltr'>ab</span> <span class='ocrx_word' id='word_1_16' title='bbox 485 392 706 436; x_wconf 85' lang='lat' dir='ltr'>affectibus</span> <span class='ocrx_word' id='word_1_17' title='bbox 736 392 1006 434; x_wconf 82' lang='lat' dir='ltr'>liberatorum</span> <span class='ocrx_word' id='word_1_18' title='bbox 1031 399 1071 432; x_wconf 80' lang='lat' dir='ltr'>et</span> <span class='ocrx_word' id='word_1_19' title='bbox 1098 391 1141 433; x_wconf 86' lang='lat' dir='ltr'>in</span> <span class='ocrx_word' id='word_1_20' title='bbox 1162 399 1348 432; x_wconf 89' lang='lat' dir='ltr'>contem-</span> 
     </span>
     <span class='ocr_line' id='line_1_4' title="bbox 125 464 1349 528; baseline -0.007 -14"><span class='ocrx_word' id='word_1_21' title='bbox 125 470 316 528; x_wconf 84' lang='lat' dir='ltr'>platione</span> <span class='ocrx_word' id='word_1_22' title='bbox 343 471 537 514; x_wconf 88' lang='lat' dir='ltr'>coelestis</span> <span class='ocrx_word' id='word_1_23' title='bbox 562 468 749 523; x_wconf 85' lang='lat' dir='ltr'><strong>regionis</strong></span> <span class='ocrx_word' id='word_1_24' title='bbox 779 468 1066 510; x_wconf 80' lang='lat' dir='ltr'>versantium:</span> <span class='ocrx_word' id='word_1_25' title='bbox 1094 467 1194 507; x_wconf 85' lang='lat' dir='ltr'>haec</span> <span class='ocrx_word' id='word_1_26' title='bbox 1220 464 1349 519; x_wconf 83' lang='lat' dir='ltr'>igitur</span> 
     </span>
     <span class='ocr_line' id='line_1_5' title="bbox 123 542 1349 598; baseline -0.006 -9"><span class='ocrx_word' id='word_1_27' title='bbox 123 556 216 589; x_wconf 89' lang='lat' dir='ltr'>tota</span> <span class='ocrx_word' id='word_1_28' title='bbox 251 547 419 597; x_wconf 79' lang='lat' dir='ltr'>oratio,</span> <span class='ocrx_word' id='word_1_29' title='bbox 466 545 570 598; x_wconf 84' lang='lat' dir='ltr'>quin</span> <span class='ocrx_word' id='word_1_30' title='bbox 604 544 749 586; x_wconf 86' lang='lat' dir='ltr'>Stoica</span> <span class='ocrx_word' id='word_1_31' title='bbox 789 542 879 595; x_wconf 85' lang='lat' dir='ltr'>sit,</span> <span class='ocrx_word' id='word_1_32' title='bbox 919 556 1005 585; x_wconf 88' lang='lat' dir='ltr'>non</span> <span class='ocrx_word' id='word_1_33' title='bbox 1032 553 1096 584; x_wconf 81' lang='lat' dir='ltr'>cst</span> <span class='ocrx_word' id='word_1_34' title='bbox 1119 542 1234 594; x_wconf 82' lang='lat' dir='ltr'>quod</span> <span class='ocrx_word' id='word_1_35' title='bbox 1270 542 1349 583; x_wconf 79' lang='lat' dir='ltr'>du-</span> 
     </span>
     <span class='ocr_line' id='line_1_6' title="bbox 122 617 1346 677; baseline -0.003 -13"><span class='ocrx_word' id='word_1_36' title='bbox 122 620 323 665; x_wconf 79' lang='lat' dir='ltr'>bitemus,</span> <span class='ocrx_word' id='word_1_37' title='bbox 380 620 649 677; x_wconf 82' lang='lat' dir='ltr'><strong>Quamquam</strong></span> <span class='ocrx_word' id='word_1_38' title='bbox 688 617 770 661; x_wconf 86' lang='lat' dir='ltr'>fuit</span> <span class='ocrx_word' id='word_1_39' title='bbox 797 619 1023 671; x_wconf 85' lang='lat' dir='ltr'>aliquando</span> <span class='ocrx_word' id='word_1_40' title='bbox 1058 631 1153 660; x_wconf 82' lang='lat' dir='ltr'>cum</span> <span class='ocrx_word' id='word_1_41' title='bbox 1179 618 1346 660; x_wconf 55' lang='lat' dir='ltr'>dubitas</span> 
     </span>
     <span class='ocr_line' id='line_1_7' title="bbox 116 687 1346 749; baseline -0.002 -10"><span class='ocrx_word' id='word_1_42' title='bbox 116 708 225 739; x_wconf 83' lang='lat' dir='ltr'>rem.</span> <span class='ocrx_word' id='word_1_43' title='bbox 298 696 410 738; x_wconf 89' lang='lat' dir='ltr'>Nam</span> <span class='ocrx_word' id='word_1_44' title='bbox 459 699 608 739; x_wconf 71' lang='lat' dir='ltr'>Iustus</span> <span class='ocrx_word' id='word_1_45' title='bbox 644 695 810 749; x_wconf 86' lang='lat' dir='ltr'>quidem</span> <span class='ocrx_word' id='word_1_46' title='bbox 847 687 1057 749; x_wconf 74' lang='lat' dir='ltr'>Lipsiu5‚</span> <span class='ocrx_word' id='word_1_47' title='bbox 1094 695 1346 749; x_wconf 72' lang='lat' dir='ltr'>Physiolog.</span> 
     </span>
     <span class='ocr_line' id='line_1_8' title="bbox 116 771 1345 827; baseline 0.001 -13"><span class='ocrx_word' id='word_1_48' title='bbox 116 772 255 817; x_wconf 84' lang='lat' dir='ltr'>Stoic.</span> <span class='ocrx_word' id='word_1_49' title='bbox 286 771 364 816; x_wconf 84' lang='lat'>111.</span> <span class='ocrx_word' id='word_1_50' title='bbox 406 785 482 827; x_wconf 86' lang='lat'>14,</span> <span class='ocrx_word' id='word_1_51' title='bbox 526 772 599 815; x_wconf 91' lang='lat' dir='ltr'>ubi</span> <span class='ocrx_word' id='word_1_52' title='bbox 637 772 842 824; x_wconf 84' lang='lat' dir='ltr'>affirmat,</span> <span class='ocrx_word' id='word_1_53' title='bbox 883 771 996 814; x_wconf 80' lang='lat' dir='ltr'>illam</span> <span class='ocrx_word' id='word_1_54' title='bbox 1038 771 1284 814; x_wconf 83' lang='lat' dir='ltr'>sententiam</span> <span class='ocrx_word' id='word_1_55' title='bbox 1320 784 1345 815; x_wconf 78' lang='lat' dir='ltr'><strong>a</strong></span> 
     </span>
     <span class='ocr_line' id='line_1_9' title="bbox 112 848 1347 903; baseline -0.002 -12"><span class='ocrx_word' id='word_1_56' title='bbox 112 848 326 892; x_wconf 76' lang='lat' dir='ltr'>Cicerone</span> <span class='ocrx_word' id='word_1_57' title='bbox 359 858 407 890; x_wconf 92' lang='lat' dir='ltr'>ut</span> <span class='ocrx_word' id='word_1_58' title='bbox 440 849 627 891; x_wconf 76' lang='lat' dir='ltr'>Stoicam</span> <span class='ocrx_word' id='word_1_59' title='bbox 661 860 897 902; x_wconf 78' lang='lat' dir='ltr'>expressam</span> <span class='ocrx_word' id='word_1_60' title='bbox 942 862 1066 902; x_wconf 82' lang='lat' dir='ltr'>esse,</span> <span class='ocrx_word' id='word_1_61' title='bbox 1097 850 1214 891; x_wconf 82' lang='lat' dir='ltr'>nulla</span> <span class='ocrx_word' id='word_1_62' title='bbox 1254 850 1347 903; x_wconf 76' lang='lat' dir='ltr'>ejiis</span> 
     </span>
     <span class='ocr_line' id='line_1_10' title="bbox 114 923 1349 977; baseline -0.001 -11"><span class='ocrx_word' id='word_1_63' title='bbox 114 924 175 966; x_wconf 85' lang='lat' dir='ltr'>rei</span> <span class='ocrx_word' id='word_1_64' title='bbox 201 925 305 966; x_wconf 86' lang='lat' dir='ltr'>satis</span> <span class='ocrx_word' id='word_1_65' title='bbox 340 924 561 966; x_wconf 78' lang='lat' dir='ltr'>manifesta</span> <span class='ocrx_word' id='word_1_66' title='bbox 598 925 782 977; x_wconf 88' lang='lat' dir='ltr'>protulit</span> <span class='ocrx_word' id='word_1_67' title='bbox 827 923 996 967; x_wconf 86' lang='lat' dir='ltr'>indicia.</span> <span class='ocrx_word' id='word_1_68' title='bbox 1067 924 1126 966; x_wconf 86' lang='lat' dir='ltr'>Et</span> <span class='ocrx_word' id='word_1_69' title='bbox 1155 925 1349 966; x_wconf 63' lang='lat' dir='ltr'>recorda-2</span> 
     </span>
     <span class='ocr_line' id='line_1_11' title="bbox 111 999 1351 1054; baseline 0.002 -13"><span class='ocrx_word' id='word_1_70' title='bbox 111 999 214 1054; x_wconf 77' lang='lat' dir='ltr'>bar,</span> <span class='ocrx_word' id='word_1_71' title='bbox 249 1001 424 1042; x_wconf 86' lang='lat' dir='ltr'>eundem</span> <span class='ocrx_word' id='word_1_72' title='bbox 463 1000 664 1054; x_wconf 83' lang='lat' dir='ltr'>Lipsium</span> <span class='ocrx_word' id='word_1_73' title='bbox 713 1012 1031 1053; x_wconf 84' lang='lat' dir='ltr'>nonnumquam</span> <span class='ocrx_word' id='word_1_74' title='bbox 1065 1003 1351 1053; x_wconf 78' lang='lat' dir='ltr'>negligentem.</span> 
     </span>
     <span class='ocr_line' id='line_1_12' title="bbox 111 1073 1342 1130; baseline 0.001 -13"><span class='ocrx_word' id='word_1_75' title='bbox 111 1073 251 1118; x_wconf 73' lang='lat' dir='ltr'>fuisse</span> <span class='ocrx_word' id='word_1_76' title='bbox 286 1077 329 1118; x_wconf 91' lang='lat' dir='ltr'>in</span> <span class='ocrx_word' id='word_1_77' title='bbox 366 1076 442 1117; x_wconf 54' lang='lat' dir='ltr'>sust.</span> <span class='ocrx_word' id='word_1_78' title='bbox 481 1076 636 1130; x_wconf 88' lang='lat' dir='ltr'>cuique</span> <span class='ocrx_word' id='word_1_79' title='bbox 671 1087 807 1119; x_wconf 79' lang='lat' dir='ltr'>sectae</span> <span class='ocrx_word' id='word_1_80' title='bbox 849 1078 1055 1119; x_wconf 65' lang='lat' dir='ltr'>sententia</span> <span class='ocrx_word' id='word_1_81' title='bbox 1090 1075 1342 1130; x_wconf 64' lang='lat' dir='ltr'>tribuenda,</span> 
     </span>
     <span class='ocr_line' id='line_1_13' title="bbox 112 1151 1345 1207; baseline 0 -13"><span class='ocrx_word' id='word_1_82' title='bbox 112 1162 164 1194; x_wconf 83' lang='lat' dir='ltr'>ut</span> <span class='ocrx_word' id='word_1_83' title='bbox 198 1151 358 1194; x_wconf 84' lang='lat' dir='ltr'>Stoicis</span> <span class='ocrx_word' id='word_1_84' title='bbox 384 1152 589 1195; x_wconf 80' lang='lat' dir='ltr'>addiceret</span> <span class='ocrx_word' id='word_1_85' title='bbox 632 1154 780 1196; x_wconf 81' lang='lat' dir='ltr'>aliena.</span> <span class='ocrx_word' id='word_1_86' title='bbox 841 1152 994 1195; x_wconf 86' lang='lat' dir='ltr'>Postea</span> <span class='ocrx_word' id='word_1_87' title='bbox 1020 1162 1159 1195; x_wconf 77' lang='lat' dir='ltr'>tamen</span> <span class='ocrx_word' id='word_1_88' title='bbox 1180 1165 1345 1207; x_wconf 81' lang='lat' dir='ltr'>cogno-</span> 
     </span>
     <span class='ocr_line' id='line_1_14' title="bbox 107 1228 1341 1282; baseline 0.001 -11"><span class='ocrx_word' id='word_1_89' title='bbox 107 1229 185 1280; x_wconf 82' lang='lat' dir='ltr'>vi,</span> <span class='ocrx_word' id='word_1_90' title='bbox 214 1240 309 1270; x_wconf 87' lang='lat' dir='ltr'>eum</span> <span class='ocrx_word' id='word_1_91' title='bbox 353 1229 430 1269; x_wconf 85' lang='lat' dir='ltr'>hac</span> <span class='ocrx_word' id='word_1_92' title='bbox 461 1229 628 1281; x_wconf 79' lang='lat' dir='ltr'>quidem</span> <span class='ocrx_word' id='word_1_93' title='bbox 658 1229 702 1271; x_wconf 87' lang='lat' dir='ltr'>in</span> <span class='ocrx_word' id='word_1_94' title='bbox 739 1238 855 1282; x_wconf 85' lang='lat' dir='ltr'>parte</span> <span class='ocrx_word' id='word_1_95' title='bbox 881 1241 968 1269; x_wconf 87' lang='lat' dir='ltr'>non</span> <span class='ocrx_word' id='word_1_96' title='bbox 994 1240 1167 1272; x_wconf 69' lang='lat' dir='ltr'>errasse⁶</span> <span class='ocrx_word' id='word_1_97' title='bbox 1227 1228 1341 1272; x_wconf 80' lang='lat' dir='ltr'>Nam</span> 
     </span>
     <span class='ocr_line' id='line_1_15' title="bbox 111 1304 1344 1360; baseline 0 -12"><span class='ocrx_word' id='word_1_98' title='bbox 111 1305 298 1360; x_wconf 76' lang='lat' dir='ltr'>primum</span> <span class='ocrx_word' id='word_1_99' title='bbox 312 1304 482 1357; x_wconf 86' lang='lat' dir='ltr'>quidem</span> <span class='ocrx_word' id='word_1_100' title='bbox 497 1336 512 1357; x_wconf 83' lang='lat'>‚</span> <span class='ocrx_word' id='word_1_101' title='bbox 527 1305 684 1347; x_wconf 88' lang='lat' dir='ltr'>Cicero</span> <span class='ocrx_word' id='word_1_102' title='bbox 709 1305 760 1347; x_wconf 88' lang='lat' dir='ltr'>de</span> <span class='ocrx_word' id='word_1_103' title='bbox 780 1305 920 1347; x_wconf 82' lang='lat' dir='ltr'>Animi</span> <span class='ocrx_word' id='word_1_104' title='bbox 942 1308 1090 1348; x_wconf 65' lang='lat' dir='ltr'>natura</span> <span class='ocrx_word' id='word_1_105' title='bbox 1113 1307 1171 1348; x_wconf 79' lang='lat' dir='ltr'>ita</span> <span class='ocrx_word' id='word_1_106' title='bbox 1195 1306 1344 1359; x_wconf 89' lang='lat' dir='ltr'>loqui-</span> 
     </span>
     <span class='ocr_line' id='line_1_16' title="bbox 111 1379 1338 1435; baseline 0.002 -13"><span class='ocrx_word' id='word_1_107' title='bbox 111 1390 215 1433; x_wconf 79' lang='lat' dir='ltr'>tur,</span> <span class='ocrx_word' id='word_1_108' title='bbox 239 1388 287 1422; x_wconf 89' lang='lat' dir='ltr'>ut</span> <span class='ocrx_word' id='word_1_109' title='bbox 299 1390 631 1433; x_wconf 81' lang='lat' dir='ltr'>appareat‚eum</span> <span class='ocrx_word' id='word_1_110' title='bbox 657 1392 708 1422; x_wconf 83' lang='lat' dir='ltr'>ex</span> <span class='ocrx_word' id='word_1_111' title='bbox 720 1379 965 1423; x_wconf 86' lang='lat' dir='ltr'>Stoicorum</span> <span class='ocrx_word' id='word_1_112' title='bbox 979 1382 1173 1424; x_wconf 67' lang='lat' dir='ltr'>doctrina</span> <span class='ocrx_word' id='word_1_113' title='bbox 1198 1382 1338 1435; x_wconf 75' lang='lat' dir='ltr'>loqui.</span> 
     </span>
     <span class='ocr_line' id='line_1_17' title="bbox 112 1440 1339 1510; baseline 0.002 -11"><span class='ocrx_word' id='word_1_114' title='bbox 112 1440 251 1499; x_wconf 84' lang='lat' dir='ltr'>Vocat</span> <span class='ocrx_word' id='word_1_115' title='bbox 279 1469 365 1498; x_wconf 87' lang='lat' dir='ltr'>eam</span> <span class='ocrx_word' id='word_1_116' title='bbox 400 1456 633 1509; x_wconf 78' lang='lat' dir='ltr'>Animam,</span> <span class='ocrx_word' id='word_1_117' title='bbox 677 1458 720 1500; x_wconf 83' lang='lat' dir='ltr'>id</span> <span class='ocrx_word' id='word_1_118' title='bbox 757 1466 821 1499; x_wconf 83' lang='lat' dir='ltr'>est</span> <span class='ocrx_word' id='word_1_119' title='bbox 849 1458 1082 1510; x_wconf 74' lang='lat' dir='ltr'>spiritum,</span> <span class='ocrx_word' id='word_1_120' title='bbox 1127 1458 1339 1502; x_wconf 74' lang='lat' dir='ltr'>Animam</span> 
     </span>
     <span class='ocr_line' id='line_1_18' title="bbox 106 1529 1334 1587; baseline 0.002 -15"><span class='ocrx_word' id='word_1_121' title='bbox 106 1539 302 1584; x_wconf 72' lang='lat' dir='ltr'>tenuem,</span> <span class='ocrx_word' id='word_1_122' title='bbox 333 1529 645 1584; x_wconf 77' lang='lat' dir='ltr'>inflammatam</span> <span class='ocrx_word' id='word_1_123' title='bbox 663 1561 680 1584; x_wconf 84' lang='lat'>‚</span> <span class='ocrx_word' id='word_1_124' title='bbox 709 1535 879 1587; x_wconf 69' lang='lat' dir='ltr'>ignem:</span> <span class='ocrx_word' id='word_1_125' title='bbox 916 1544 1021 1584; x_wconf 88' lang='lat' dir='ltr'>quae</span> <span class='ocrx_word' id='word_1_126' title='bbox 1043 1534 1186 1575; x_wconf 86' lang='lat' dir='ltr'>omnia</span> <span class='ocrx_word' id='word_1_127' title='bbox 1217 1533 1334 1576; x_wconf 84' lang='lat' dir='ltr'>Stoi·</span> 
     </span>
     <span class='ocr_line' id='line_1_19' title="bbox 110 1607 1337 1660; baseline 0.001 -10"><span class='ocrx_word' id='word_1_128' title='bbox 110 1620 258 1651; x_wconf 82' lang='lat' dir='ltr'>corum</span> <span class='ocrx_word' id='word_1_129' title='bbox 293 1617 411 1650; x_wconf 82' lang='lat' dir='ltr'>sunt.</span> <span class='ocrx_word' id='word_1_130' title='bbox 474 1607 637 1649; x_wconf 75' lang='lat' dir='ltr'>Laudat</span> <span class='ocrx_word' id='word_1_131' title='bbox 664 1619 839 1660; x_wconf 83' lang='lat' dir='ltr'>quoque</span> <span class='ocrx_word' id='word_1_132' title='bbox 866 1608 1157 1650; x_wconf 78' lang='lat' dir='ltr'>auctoritate-m</span> <span class='ocrx_word' id='word_1_133' title='bbox 1183 1607 1337 1652; x_wconf 77' lang='lat' dir='ltr'>Panae-</span> 
     </span>
     <span class='ocr_line' id='line_1_20' title="bbox 106 1685 1336 1738; baseline 0.003 -12"><span class='ocrx_word' id='word_1_134' title='bbox 106 1686 185 1738; x_wconf 78' lang='lat' dir='ltr'>tii,</span> <span class='ocrx_word' id='word_1_135' title='bbox 213 1685 469 1728; x_wconf 80' lang='lat' dir='ltr'>nobilissimi</span> <span class='ocrx_word' id='word_1_136' title='bbox 517 1685 678 1737; x_wconf 88' lang='lat' dir='ltr'>Stoici;</span> <span class='ocrx_word' id='word_1_137' title='bbox 722 1697 846 1738; x_wconf 84' lang='lat' dir='ltr'>quam</span> <span class='ocrx_word' id='word_1_138' title='bbox 888 1697 976 1729; x_wconf 87' lang='lat' dir='ltr'>non</span> <span class='ocrx_word' id='word_1_139' title='bbox 1020 1686 1159 1728; x_wconf 86' lang='lat' dir='ltr'>solum</span> <span class='ocrx_word' id='word_1_140' title='bbox 1197 1687 1336 1730; x_wconf 79' lang='lat' dir='ltr'>valere</span> 
     </span>
     <span class='ocr_line' id='line_1_21' title="bbox 104 1758 1335 1816; baseline 0.002 -14"><span class='ocrx_word' id='word_1_141' title='bbox 104 1761 159 1802; x_wconf 81' lang='lat' dir='ltr'>ad</span> <span class='ocrx_word' id='word_1_142' title='bbox 188 1771 375 1803; x_wconf 85' lang='lat' dir='ltr'>naturam</span> <span class='ocrx_word' id='word_1_143' title='bbox 422 1760 566 1803; x_wconf 84' lang='lat' dir='ltr'>Animi</span> <span class='ocrx_word' id='word_1_144' title='bbox 615 1760 659 1803; x_wconf 90' lang='lat' dir='ltr'>in</span> <span class='ocrx_word' id='word_1_145' title='bbox 697 1761 864 1804; x_wconf 64' lang='lat' dir='ltr'>Anima</span> <span class='ocrx_word' id='word_1_146' title='bbox 898 1758 1173 1815; x_wconf 69' lang='lat' dir='ltr'>inflammatd</span> <span class='ocrx_word' id='word_1_147' title='bbox 1215 1763 1335 1816; x_wconf 79' lang='lat' dir='ltr'>posi-</span> 
     </span>
     <span class='ocr_line' id='line_1_22' title="bbox 104 1836 1338 1890; baseline 0.004 -15"><span class='ocrx_word' id='word_1_148' title='bbox 104 1842 223 1888; x_wconf 86' lang='lat' dir='ltr'>tam,</span> <span class='ocrx_word' id='word_1_149' title='bbox 254 1837 327 1878; x_wconf 88' lang='lat' dir='ltr'>sed</span> <span class='ocrx_word' id='word_1_150' title='bbox 362 1837 415 1878; x_wconf 86' lang='lat' dir='ltr'>ad</span> <span class='ocrx_word' id='word_1_151' title='bbox 449 1836 649 1889; x_wconf 87' lang='lat' dir='ltr'>reliquam</span> <span class='ocrx_word' id='word_1_152' title='bbox 696 1845 828 1878; x_wconf 86' lang='lat' dir='ltr'>totam</span> <span class='ocrx_word' id='word_1_153' title='bbox 863 1837 1119 1890; x_wconf 86' lang='lat' dir='ltr'>dictionem,</span> <span class='ocrx_word' id='word_1_154' title='bbox 1162 1838 1338 1881; x_wconf 70' lang='lat' dir='ltr'>aliunde</span> 
     </span>
     <span class='ocr_line' id='line_1_23' title="bbox 105 1911 1330 1964; baseline 0.004 -12"><span class='ocrx_word' id='word_1_155' title='bbox 105 1911 309 1954; x_wconf 81' lang='lat' dir='ltr'>intellexi.</span> <span class='ocrx_word' id='word_1_156' title='bbox 392 1911 505 1954; x_wconf 79' lang='lat' dir='ltr'>Nam</span> <span class='ocrx_word' id='word_1_157' title='bbox 553 1912 755 1954; x_wconf 84' lang='lat' dir='ltr'>hac-tenus</span> <span class='ocrx_word' id='word_1_158' title='bbox 791 1913 958 1964; x_wconf 79' lang='lat' dir='ltr'>quidem</span> <span class='ocrx_word' id='word_1_159' title='bbox 995 1915 1182 1956; x_wconf 87' lang='lat' dir='ltr'>nondum</span> <span class='ocrx_word' id='word_1_160' title='bbox 1226 1916 1330 1957; x_wconf 78' lang='lat' dir='ltr'>satis</span> 
     </span>
     <span class='ocr_line' id='line_1_24' title="bbox 105 1985 1337 2040; baseline 0.001 -12"><span class='ocrx_word' id='word_1_161' title='bbox 105 1985 312 2028; x_wconf 80' lang='lat' dir='ltr'>habemus</span> <span class='ocrx_word' id='word_1_162' title='bbox 347 1987 623 2040; x_wconf 79' lang='lat' dir='ltr'>documenti,</span> <span class='ocrx_word' id='word_1_163' title='bbox 665 1999 793 2040; x_wconf 87' lang='lat' dir='ltr'>quare</span> <span class='ocrx_word' id='word_1_164' title='bbox 835 1995 966 2030; x_wconf 88' lang='lat' dir='ltr'>totam</span> <span class='ocrx_word' id='word_1_165' title='bbox 1006 1989 1234 2032; x_wconf 88' lang='lat' dir='ltr'>dictionem</span> <span class='ocrx_word' id='word_1_166' title='bbox 1274 1990 1337 2034; x_wconf 74' lang='lat' dir='ltr'>ad..</span> 
     </span>
     <span class='ocr_line' id='line_1_25' title="bbox 105 2061 1327 2119; baseline 0.005 -15"><span class='ocrx_word' id='word_1_167' title='bbox 105 2061 294 2104; x_wconf 89' lang='lat' dir='ltr'>Stoicam</span> <span class='ocrx_word' id='word_1_168' title='bbox 335 2061 568 2107; x_wconf 83' lang='lat' dir='ltr'>doctrinam</span> <span class='ocrx_word' id='word_1_169' title='bbox 613 2062 841 2105; x_wconf 79' lang='lat' dir='ltr'>referamus</span> <span class='ocrx_word' id='word_1_170' title='bbox 869 2092 885 2115; x_wconf 81' lang='grc'><em>,</em></span> <span class='ocrx_word' id='word_1_171' title='bbox 926 2076 1004 2107; x_wconf 84' lang='lat' dir='ltr'>nec</span> <span class='ocrx_word' id='word_1_172' title='bbox 1044 2075 1242 2119; x_wconf 87' lang='lat' dir='ltr'>putemus</span> <span class='ocrx_word' id='word_1_173' title='bbox 1287 2067 1327 2111; x_wconf 90' lang='lat' dir='ltr'>ei</span> 
     </span>
     <span class='ocr_line' id='line_1_26' title="bbox 106 2137 1323 2192; baseline 0.004 -13"><span class='ocrx_word' id='word_1_174' title='bbox 106 2138 270 2190; x_wconf 82' lang='lat' dir='ltr'>aliquid</span> <span class='ocrx_word' id='word_1_175' title='bbox 311 2137 378 2180; x_wconf 88' lang='lat' dir='ltr'>vel</span> <span class='ocrx_word' id='word_1_176' title='bbox 422 2137 696 2192; x_wconf 80' lang='lat' dir='ltr'>Pythagorici</span> <span class='ocrx_word' id='word_1_177' title='bbox 726 2138 791 2180; x_wconf 84' lang='lat' dir='ltr'>vel</span> <span class='ocrx_word' id='word_1_178' title='bbox 842 2139 1052 2183; x_wconf 81' lang='lat' dir='ltr'>Platonici</span> <span class='ocrx_word' id='word_1_179' title='bbox 1088 2142 1323 2185; x_wconf 81' lang='lat' dir='ltr'>admixtum</span> 
     </span>
     <span class='ocr_line' id='line_1_27' title="bbox 111 2213 1339 2270; baseline 0.001 -15"><span class='ocrx_word' id='word_1_180' title='bbox 111 2225 220 2255; x_wconf 83' lang='lat' dir='ltr'>esse.</span> <span class='ocrx_word' id='word_1_181' title='bbox 280 2213 396 2267; x_wconf 85' lang='lat' dir='ltr'>Ergo</span> <span class='ocrx_word' id='word_1_182' title='bbox 423 2214 538 2267; x_wconf 86' lang='lat' dir='ltr'>quod</span> <span class='ocrx_word' id='word_1_183' title='bbox 562 2213 690 2265; x_wconf 84' lang='lat' dir='ltr'>dico,</span> <span class='ocrx_word' id='word_1_184' title='bbox 721 2215 929 2270; x_wconf 84' lang='lat' dir='ltr'>ejusmodi</span> <span class='ocrx_word' id='word_1_185' title='bbox 953 2226 1017 2258; x_wconf 72' lang='lat' dir='ltr'>est</span> <span class='ocrx_word' id='word_1_186' title='bbox 1035 2247 1050 2268; x_wconf 82' lang='grc'>,</span> <span class='ocrx_word' id='word_1_187' title='bbox 1084 2226 1130 2258; x_wconf 92' lang='lat' dir='ltr'>ut</span> <span class='ocrx_word' id='word_1_188' title='bbox 1156 2230 1339 2263; x_wconf 65' lang='lat' dir='ltr'>omnem,</span> 
     </span>
     <span class='ocr_line' id='line_1_28' title="bbox 109 2287 1325 2346; baseline 0.007 -17"><span class='ocrx_word' id='word_1_189' title='bbox 109 2287 412 2332; x_wconf 82' lang='lat' dir='ltr'>dubitationem</span> <span class='ocrx_word' id='word_1_190' title='bbox 445 2291 583 2334; x_wconf 88' lang='lat' dir='ltr'>tollat.</span> <span class='ocrx_word' id='word_1_191' title='bbox 653 2290 806 2344; x_wconf 77' lang='lat' dir='ltr'>Repeti</span> <span class='ocrx_word' id='word_1_192' title='bbox 841 2292 950 2334; x_wconf 88' lang='lat' dir='ltr'>enim</span> <span class='ocrx_word' id='word_1_193' title='bbox 997 2293 1112 2346; x_wconf 81' lang='lat' dir='ltr'>apud</span> <span class='ocrx_word' id='word_1_194' title='bbox 1148 2293 1325 2339; x_wconf 72' lang='lat' dir='ltr'>Sextum</span> 
     </span>
     <span class='ocr_line' id='line_1_29' title="bbox 108 2363 1324 2420; baseline 0.006 -13"><span class='ocrx_word' id='word_1_195' title='bbox 108 2363 410 2419; x_wconf 83' lang='lat' dir='ltr'>Empiricum,</span> <span class='ocrx_word' id='word_1_196' title='bbox 464 2367 759 2410; x_wconf 83' lang='lat' dir='ltr'>doctissimum</span> <span class='ocrx_word' id='word_1_197' title='bbox 824 2369 1082 2420; x_wconf 78' lang='lat' dir='ltr'>eundemque</span> <span class='ocrx_word' id='word_1_198' title='bbox 1124 2371 1324 2414; x_wconf 85' lang='lat' dir='ltr'>acu-tissi-</span> 
     </span>
     <span class='ocr_line' id='line_1_30' title="bbox 109 2440 1321 2498; baseline 0.007 -18"><span class='ocrx_word' id='word_1_199' title='bbox 109 2451 224 2482; x_wconf 85' lang='lat' dir='ltr'>mum</span> <span class='ocrx_word' id='word_1_200' title='bbox 260 2440 548 2496; x_wconf 78' lang='lat' dir='ltr'>scriptorem,</span> <span class='ocrx_word' id='word_1_201' title='bbox 577 2444 718 2488; x_wconf 84' lang='lat' dir='ltr'>locum</span> <span class='ocrx_word' id='word_1_202' title='bbox 742 2442 1022 2488; x_wconf 85' lang='lat' dir='ltr'>Ciceroniano</span> <span class='ocrx_word' id='word_1_203' title='bbox 1057 2446 1180 2498; x_wconf 74' lang='lat' dir='ltr'>plane</span> <span class='ocrx_word' id='word_1_204' title='bbox 1201 2447 1321 2489; x_wconf 82' lang='lat' dir='ltr'>simi-</span> 
     </span>
     <span class='ocr_line' id='line_1_31' title="bbox 107 2515 1321 2577; baseline 0.007 -20"><span class='ocrx_word' id='word_1_205' title='bbox 107 2516 186 2558; x_wconf 75' lang='lat' dir='ltr'>lem</span> <span class='ocrx_word' id='word_1_206' title='bbox 208 2527 257 2559; x_wconf 77' lang='lat' dir='ltr'>ex</span> <span class='ocrx_word' id='word_1_207' title='bbox 279 2515 520 2564; x_wconf 84' lang='lat' dir='ltr'>Stoicorum</span> <span class='ocrx_word' id='word_1_208' title='bbox 545 2520 666 2565; x_wconf 83' lang='lat' dir='ltr'>libris</span> <span class='ocrx_word' id='word_1_209' title='bbox 685 2522 949 2575; x_wconf 81' lang='lat' dir='ltr'>depromtum</span> <span class='ocrx_word' id='word_1_210' title='bbox 965 2550 980 2575; x_wconf 81' lang='lat'><strong>,</strong></span> <span class='ocrx_word' id='word_1_211' title='bbox 1009 2530 1050 2564; x_wconf 74' lang='lat' dir='ltr'>et</span> <span class='ocrx_word' id='word_1_212' title='bbox 1075 2522 1240 2577; x_wconf 77' lang='lat' dir='ltr'>quidem</span> <span class='ocrx_word' id='word_1_213' title='bbox 1269 2532 1321 2566; x_wconf 67' lang='lat' dir='ltr'>ex</span> 
     </span>
    </p>
   </div>
   <div class='ocr_carea' id='block_1_3' title="bbox 767 2596 1318 2642">
    <p class='ocr_par' dir='ltr' id='par_1_3' title="bbox 767 2596 1318 2642">
     <span class='ocr_line' id='line_1_32' title="bbox 767 2596 1318 2642; baseline 0.002 -1"><span class='ocrx_word' id='word_1_214' title='bbox 767 2596 844 2641; x_wconf 74' lang='lat' dir='ltr'>Rr</span> <span class='ocrx_word' id='word_1_215' title='bbox 871 2609 899 2639; x_wconf 68' lang='lat' dir='ltr'>a</span> <span class='ocrx_word' id='word_1_216' title='bbox 1226 2599 1318 2642; x_wconf 66' lang='lat' dir='ltr'>Aa·</span> 
     </span>
    </p>
   </div>
  </div>
 </body>
</html>
