1693 3110
310 218 370 264 ·38
683 210 1166 259 EPISTOLA

312 343 487 384 ,tionem
518 337 749 380 retulerunt
780 334 1023 377 Athenaeus
1054 334 1144 388 XI,
1187 346 1233 388 p.
1261 343 1372 390 505,
1403 336 1474 389 C,
1503 340 1549 381 et

325 419 538 468 Diogenes
573 411 798 463 Laertius,
820 410 918 467 μΞΙΙ.
952 413 1004 463 48
1032 424 1043 452 ι
1095 410 1168 462 qui
1214 410 1319 452 idem
1358 412 1542 465 primum

325 490 518 544 dialogos
554 487 705 530 fecisse
737 488 925 541 perhibet
966 487 1179 528 Zenonem
1219 487 1401 528 Eleatem
1421 518 1435 539 ,
1468 488 1542 530 sed

325 569 447 611 nullo
479 568 548 607 ille
592 575 789 608 auctore:
831 566 1040 615 διαλόγους
1082 566 1207 607 τοίνυν
1244 565 1346 618 φασὶ
1396 569 1546 616 πρῶτον

324 645 488 696 γράψαι
524 643 684 689 Ζήνωνα
711 644 778 684 τὸν
805 638 1022 689 Ἐλεάτην.
1082 638 1201 680 Plato
1234 649 1285 679 an
1308 639 1551 690 Xenophon

324 717 445 771 prior
487 715 730 756 Socraticos
772 726 984 756 sermones
1021 712 1223 765 ediderit,
1263 713 1405 765 quaeri
1449 725 1553 765 pos·

326 794 399 835 sit.
472 791 554 832 Sed
589 791 688 831 haec
719 802 831 832 nunc
870 787 1087 840 exquirere
1119 788 1180 829 nil
1215 787 1380 830 attinet.
1439 786 1552 829 lllud

326 869 437 911 inter
470 879 617 908 omnes
665 875 834 907 constat
859 896 874 917 ,
913 865 1127 906 Platonem
1173 864 1353 916 primum
1399 875 1546 906 ornnes

328 943 631 995 philosophiae
668 951 806 994 partes
841 941 977 981 adhuc
1009 940 1221 993 dispersas
1247 940 1515 992 complexum
1535 968 1552 991 ,

326 1032 418 1061 uno
443 1019 659 1060 doctrinae
687 1017 863 1059 vinculo
899 1018 1084 1070 ligasse,
1115 1017 1377 1070 dialogorum
1411 1016 1552 1059 forma.

327 1098 636 1149 consignasse,
677 1107 849 1147 eamque
881 1093 1058 1135 formam
1101 1094 1154 1135 ad
1201 1093 1302 1135 artis
1348 1093 1552 1135 rationem

299 1184 372 1213 et
410 1170 822 1212 verisimilitudinem
865 1171 1105 1212 communis
1153 1169 1264 1210 vitae
1297 1169 1555 1212 excoluisse.

332 1250 473 1301 Nam,
506 1259 554 1291 ut
591 1252 762 1291 aliarum
800 1262 966 1301 reruni,
1009 1249 1065 1291 ita
1098 1249 1396 1302 philosophiae
1429 1250 1557 1304 primi

331 1327 568 1380 scriptores
613 1326 785 1368 fuerunt
823 1328 971 1379 poetae
994 1357 1009 1378 ,
1048 1325 1175 1378 ligata
1214 1336 1325 1368 certe
1367 1326 1558 1368 oratione

328 1405 610 1457 scripserunt.
673 1403 719 1445 ln
745 1402 902 1455 quibus
927 1415 978 1444 ne
1003 1414 1280 1444 memoremus
1303 1401 1518 1455 Orpheum
1536 1432 1555 1453 ,

331 1484 560 1528 Musaeum
585 1515 601 1532 .,
643 1484 880 1526 Hesiodum
905 1515 920 1536 ,
963 1495 1144 1533 quorum
1189 1482 1267 1523 sub
1309 1482 1558 1524 nominibus

329 1561 476 1613 spuria
514 1559 758 1601 serebantur
796 1559 1004 1600 carmina:
1039 1567 1149 1599 certe
1173 1568 1364 1611 germana
1386 1555 1560 1598 fuerunt

331 1634 644 1688 Xenophanis,
681 1634 968 1684 Parmenidis,
1008 1632 1302 1683 Empedoclis.
1359 1630 1442 1672 Sed
1474 1630 1558 1672 hoe

331 1714 546 1756 scribendi
569 1725 699 1766 genus
714 1742 730 1764 ,
757 1712 914 1764 quippe
935 1710 1181 1750 adstrictum
1210 1707 1448 1749 necessitati
1471 1719 1566 1749 mo-

331 1793 482 1834 dorum
502 1823 516 1843 ,
551 1802 679 1842 quum
705 1789 939 1830 excluderet
962 1785 1203 1826 facultatem
1241 1785 1453 1826 subtiliter
1474 1785 1562 1826 dis-

332 1864 524 1916 sci-endi,
568 1861 819 1913 definiendi,
863 1860 1205 1914 argumentandi3
1250 1858 1408 1899 factum
1460 1867 1558 1910 est,

333 1953 383 1983 ut
406 1940 655 1994 philosophi
681 1939 879 1992 paulatim
906 1950 1032 1990 prosa
1066 1936 1299 1987 scriptione
1322 1944 1560 1979 uterentur.

331 2019 393 2062 Et
418 2017 812 2069 antiquissimorum
851 2016 1016 2067 quidem
1051 2014 1092 2056 in
1131 2014 1212 2054 hoe
1237 2025 1409 2067 genere,
1444 2024 1559 2064 quos

334 2094 501 2148 aliquid
522 2092 747 2145 scripsisse
766 2101 962 2143 constet,
990 2090 1243 2142 Pherecydis
1259 2120 1271 2141 ,
1297 2088 1556 2130 Anaximan-

334 2171 428 2223 dri,
469 2169 770 2220 Anaximenis,
803 2169 1100 2221 Anaxagorae,
1135 2165 1322 2207 Zenonis
1357 2165 1558 2216 Eleatae,

334 2247 523 2301 Gorgiae
540 2277 555 2297 ,
583 2245 784 2297 Melissi,
816 2243 1067 2298 Protagorae
1085 2273 1099 2293 ,
1123 2241 1321 2292 Prodici,
1346 2241 1558 2291 aliorum,

333 2324 432 2365 libri
458 2324 512 2364 ita
538 2323 775 2376 perierunt,
808 2329 854 2361 ut
885 2333 937 2362 ne
968 2329 1130 2360 tantum
1163 2317 1328 2368 quidem
1369 2315 1559 2368 supersit

330 2400 442 2439 nnde
493 2411 633 2440 eorum
681 2399 729 2439 de
775 2396 967 2438 oratione
1010 2392 1239 2449 judicetur.
1319 2392 1558 2443 Aliquanto

335 2477 479 2528 μαι-(ε
517 2484 680 2516 exstant
718 2473 918 2524 reliquiae
953 2470 1187 2522 Heracliti,
1220 2469 1293 2521 qui
1318 2466 1557 2521 legentibus

304 2574 306 2576 ·
338 2551 569 2596 sententias
605 2551 737 2606 magis
771 2549 1049 2603 divinandas,
1082 2559 1205 2605 quam
1239 2543 1560 2598 intelligendas,

1481 2616 1561 2659 ob-
