1693 3110
293 197 380 244 420·
599 159 1205 232 DISPUTATIO

300 296 498 354 Clemens
518 306 857 358 Alexandrinus,
887 307 1096 350 Eusebius
1112 335 1128 356 ‚
1162 303 1317 358 aliique
1338 292 1520 362 Patres,<¹

299 386 371 438 qui
397 383 535 426 omnia
566 383 753 435 undique
775 384 1032 425 Graecorum
1068 381 1331 434 Scriptorum
1362 384 1412 426 de
1435 383 1510 438 Ju-

299 459 412 503 daeis
447 457 689 500 testimonia
726 458 875 510 cupide
921 457 1189 508 solliciteque
1238 459 1514 511 conquisive-

301 547 430 589 runt,
461 536 548 578 veri
580 536 747 589 quidem
777 535 952 587 sanique
990 533 1150 576 adferre
1181 534 1242 575 nil
1267 540 1517 587 potuerunt.

299 613 367 656 De
390 625 476 665 quo
499 612 686 654 dicemus
707 641 720 660 ‚
752 619 1024 663 posteaquam
1067 611 1117 651 de
1143 608 1367 652 Alexandri
1388 614 1524 653 aetate

305 688 645 742 exposuerimus.
705 683 845 736 Nam,
891 686 1007 736 quod
1039 685 1165 727 modo
1198 685 1413 737 diximus,
1444 686 1521 740 Ju-

306 763 434 807 'daeos
458 762 637 805 Graecis
663 771 765 814 post
791 761 902 802 illam
924 762 1086 802 demum
1116 770 1287 802 aetatem
1316 759 1527 803 innotuis-

307 852 381 891 se,
419 839 503 880 hoc
538 849 623 880 non
653 849 737 877 eam
777 836 863 877 vim
905 836 1059 888 habet,
1098 849 1145 878 ac
1177 836 1214 878 si
1246 846 1346 878 tunc
1371 832 1521 889 Judaei

306 915 513 957 continuo
538 925 612 966 per
641 911 825 955 Graecas
852 922 996 965 gentes
1017 924 1169 954 nomen
1203 911 1375 966 aliquod
1402 910 1530 953 habe·

307 1004 351 1033 re
369 989 628 1043 coepissent.
687 988 821 1029 Immo
848 986 904 1029 ita
931 1000 974 1029 se
999 991 1060 1029 r'es
1095 987 1245 1039 habet,
1277 995 1326 1029 ut
1356 987 1422 1030 vel
1459 986 1527 1028 sic

310 1073 449 1107 tamen
476 1063 615 1106 tenuis
642 1072 684 1104 et
717 1062 898 1105 obscura
930 1062 1038 1104 inter
1071 1061 1261 1105 Graecos
1295 1061 1424 1103 fuerit
1451 1061 1530 1114 Ju-

312 1142 507 1182 daeorum
557 1140 749 1193 cognitio
771 1170 785 1191 ‚
842 1141 975 1181 donec
1022 1150 1166 1181 eorum
1211 1138 1326 1192 regio
1370 1135 1529 1178 crebris

309 1215 642 1257 Ptolemaeorum
685 1223 724 1254 et
766 1214 1076 1255 Seleucidarum
1123 1213 1244 1254 bellis
1293 1213 1532 1264 frequenta-

310 1301 454 1342 retur,
485 1298 525 1331 et
551 1288 740 1330 coloniae
760 1287 806 1330 in
831 1289 1074 1343 Aegyptum
1101 1298 1139 1330 et
1165 1288 1326 1340 Syriam
1353 1287 1533 1329 deduce-

299 1371 471 1408 rentur.

381 1442 439 1482 Et
461 1440 643 1493 primum
674 1440 840 1491 quidem
868 1437 1103 1491 Scriptores
1126 1452 1258 1480 rerum
1282 1438 1540 1490 Alexandri,

321 1518 396 1570 qui
423 1516 590 1568 quidem
628 1515 709 1556 fide
749 1515 865 1568 digni
901 1524 1031 1565 sunt,
1063 1515 1113 1555 ad
1147 1526 1276 1554 unum
1316 1525 1460 1555 omnes
1488 1513 1540 1554 de

314 1591 486 1649 judaeis
519 1598 678 1634 tacent.
745 1590 882 1643 Atqui
916 1589 999 1630 hoc
1039 1589 1179 1642 ipsum
1216 1597 1300 1629 erat
1341 1597 1539 1640 tempus,

319 1671 389 1711 hic
417 1668 507 1721 ipse
536 1668 689 1717 locus,
725 1678 810 1718 quo
844 1664 996 1707 Graeci
1037 1677 1085 1705 ex
1121 1664 1319 1705 diuturna
1350 1675 1394 1705 se
1422 1662 1543 1715 igno-

301 1745 453 1787 rantia
477 1743 718 1791 solverent,
751 1749 790 1781 et
818 1739 1003 1793 Judaeos
1026 1747 1344 1792 cognoscerent.
1406 1738 1543 1789 Capta

323 1819 476 1872 Syria,
506 1827 546 1857 et
572 1824 811 1867 expugnata
849 1815 1000 1866 Tyro,
1041 1815 1275 1856 Alexander
1299 1815 1542 1866 Aegyptum

323 1893 517 1948 petebat:
553 1888 790 1943 permeabat
824 1887 1131 1940 Palaestinam,
1162 1890 1285 1942 qu‘us
1322 1901 1402 1929 una
1440 1887 1542 1928 urbs

323 1968 444 2011 Gaza
462 1965 602 2008 valido
627 1964 787 2005 munita
808 1963 1024 2006 Persarum
1053 1964 1290 2017 praesidio,
1323 1963 1413 2016 ejus
1446 1975 1545 2015 pro·

327 2053 517 2099 gressum
541 2039 787 2083 retardabat.
846 2038 984 2092 Igitur
1014 2051 1144 2091 quum
1184 2039 1315 2091 ipsam
1343 2038 1541 2091 judaeam

326 2125 616 2174 peragrasset,
644 2126 757 2156 certe
780 2114 822 2155 in
848 2114 938 2168 ejus
965 2112 1122 2155 finibus
1151 2126 1223 2166 per
1244 2114 1419 2166 aliquod
1443 2123 1544 2155 tem-

329 2208 414 2250 pus
448 2192 590 2235 Gazae
622 2190 925 2245 expugnandae
951 2201 1098 2230 caussa
1124 2200 1380 2241 moraretur,
1410 2199 1546 2231 tamen

330 2272 444 2313 illam
482 2279 642 2321 gentem
684 2267 922 2308 Alexander
952 2264 1051 2305 adeo
1086 2265 1323 2317 neglexisse
1350 2266 1546 2317 videtur,

333 2355 385 2386 ut
418 2343 541 2385 unice
575 2343 624 2383 de
655 2341 776 2383 Gaza
815 2340 1089 2392 expugnanda
1126 2350 1166 2381 et
1193 2342 1391 2396 Aegypto
1421 2353 1548 2382 occu-

338 2419 475 2473 panda
509 2417 730 2468 cogitaret.
790 2414 900 2458 Nam
930 2416 1045 2467 quod
1069 2418 1180 2467 apud
1198 2415 1429 2470 Josephutn
1454 2425 1545 2467 est,

293 2526 295 2528 -
337 2505 379 2539 et
423 2494 495 2547 qui
532 2505 626 2535 eum
674 2502 942 2546 sequuntur,
984 2491 1244 2544 posteriores
1278 2492 1547 2546 Scriptores,

1506 2568 1558 2608 de
