1693 3110
337 191 423 248 m6
530 182 1300 234 PROTREPTICUS

341 311 546 364 tripertita
603 311 833 355 officiorum
875 309 1195 366 distributione,
1245 321 1293 354 ut
1327 312 1410 356 sint
1445 316 1545 369 ergd

340 387 506 439 Deum,
539 399 631 441 erga
662 400 766 440 nos,
796 399 890 441 erga
924 388 1058 440 alios,
1089 388 1221 441 patria
1258 388 1452 441 profecto
1476 398 1543 432 est

339 464 385 505 in
425 463 551 506 tertio
585 476 759 517 genere,
802 465 917 516 quod
948 474 1010 505 est
1041 476 1133 518 erga
1166 466 1296 507 alios:
1338 467 1541 519 ejusque,

341 550 530 593 magnam
569 540 765 592 quidem,
798 540 869 581 sed
904 549 1038 582 tamen
1074 553 1159 583 non
1182 541 1265 583 nisi
1289 551 1442 594 partem
1468 542 1544 584 ob·

341 616 463 657 tinet.
507 615 659 658 Nostis
694 614 884 668 profecto
915 617 1137 659 Ciceronis
1177 618 1376 670 egregiam
1400 618 1540 660 illam:

343 703 595 744 quamquam
646 691 748 743 quid
799 691 1022 734 Ciceronis
1069 704 1154 734 non
1197 702 1261 733 est
1304 689 1548 745 egregium?

340 764 478 809 'nostis
508 767 636 821 igitur
656 767 972 822 explicationem
1009 769 1206 821 graduum
1234 779 1551 820 progressuum-

342 857 426 896 que
460 844 662 886 humanae
695 845 913 887 societatis
938 845 961 885 ὲι
986 844 1216 893 Cicerone,
1245 841 1485 884 Officiorum
1505 843 1552 894 Ι,

346 932 427 976 17,
457 920 690 974 proditam:
723 921 797 962 ubi
832 921 1076 974 consignata
1105 920 1225 961 etiam
1263 930 1325 960 est
1346 919 1415 960 illa
1451 928 1552 971 qua-

342 998 380 1040 si
417 997 623 1040 divinitus
664 999 812 1040 emissa
855 1009 959 1039 vox:
1007 996 1091 1038 Sed
1111 1010 1201 1037 cum
1227 999 1364 1036 omnia
1388 998 1554 1036 rasione

344 1080 567 1132 animoque
608 1075 842 1125 lustr-aris,
877 1075 1056 1115 omnium
1093 1076 1332 1114 societatum
1355 1072 1473 1112 nulla
1497 1079 1557 1111 est

341 1154 554 1208 gravior,
602 1152 722 1193 nulla
753 1153 900 1192 carior
933 1165 1057 1208 qnam
1095 1164 1173 1201 ea,
1231 1162 1338 1205 quae
1374 1162 1465 1190 cum
1491 1160 1558 1189 re-

336 1227 512 1286 publica
558 1237 616 1268 est
667 1231 891 1284 unicuique
938 1228 1136 1280 nostrum.
1207 1227 1313 1268 Cari
1359 1238 1450 1266 sum
1470 1234 1554 1280 pa-

348 1317 520 1359 rentes,
564 1308 661 1348 cari
695 1307 842 1356 liberi,
882 1308 1142 1362 propinqui,
1172 1304 1450 1356 familiares:
1490 1300 1565 1343 sed

348 1399 485 1428 omnes
519 1387 696 1425 omnium
731 1385 937 1424 caritates
956 1384 1112 1439 patria
1135 1395 1218 1421 mm
1237 1380 1448 1434 complexa
1472 1387 1561 1421 est:

341 1473 426 1520 pro
464 1475 546 1517 qua
579 1462 671 1516 qais
697 1458 819 1500 bonus
841 1459 1001 1500 dubitet
1028 1468 1198 1499 mortem
1225 1466 1438 1512 oppetere,
1468 1457 1502 1496 si
1524 1460 1564 1498 ci

355 1543 413 1581 sit
432 1538 723 1594 profuturus?
750 1537 878 1578 Sane!
912 1536 959 1577 Si
997 1538 1032 1575 ei
1059 1537 1113 1576 sit
1134 1535 1409 1589 profuturus,
1443 1533 1565 1575 dulce

353 1625 395 1658 et
425 1616 620 1657 decorum
663 1622 726 1655 est
765 1625 840 1665 pro
863 1612 996 1665 patria
1027 1611 1160 1653 mori:
1195 1610 1264 1651 sed
1290 1610 1325 1650 si
1347 1619 1479 1650 morte
1500 1607 1561 1650 nil

352 1691 605 1745 profuturus
639 1690 722 1742 sit,
765 1691 885 1731 dulce
919 1699 956 1730 et
992 1690 1186 1729 decorum
1222 1696 1284 1727 est
1318 1700 1394 1739 pro
1429 1685 1560 1738 patria

352 1768 508 1809 vivere.
570 1765 629 1808 Et
671 1777 798 1815 quum
837 1764 968 1816 patria
1003 1764 1057 1804 sit
1093 1775 1185 1815 pars
1221 1763 1330 1803 tertii
1373 1764 1562 1815 generis,

357 1856 444 1895 quo
479 1844 748 1883 continentur
789 1841 870 1884 alii
907 1852 1050 1881 omncs
1089 1840 1276 1881 homines
1301 1849 1458 1891 praeter
1481 1849 1562 1880 nos

355 1919 504 1972 ipsos3
539 1917 604 1958 fac
637 1918 805 1969 patriam
835 1925 905 1958 aut
931 1918 1176 1959 exstinctam
1202 1924 1271 1956 aut
1292 1914 1481 1956 amissam
1502 1926 1566 1956 es-

355 2008 429 2047 se,
475 2003 684 2036 remanent
737 1993 909 2035 omnino
960 2004 1175 2046 parentes,
1229 1991 1340 2043 nati,
1384 1989 1562 2043 fratres,

360 2071 563 2124 cognati,
617 2071 783 2123 affines,
827 2070 1075 2121 familiares,
1106 2069 1259 2119 amici,
1288 2068 1426 2120 cives,
1469 2081 1569 2122 pro-

357 2149 541 2202 pinqui‚
575 2149 730 2198 exteri,
762 2156 897 2188 totum
938 2145 1116 2197 denique
1151 2156 1280 2198 genus
1305 2144 1562 2195 humanum,

363 2223 479 2275 quod
511 2223 722 2263 communi
757 2221 979 2263 nobiscum
1007 2231 1174 2262 naturae
1211 2228 1253 2260 et
1287 2219 1564 2262 humanitatis

361 2297 535 2340 vinculo
549 2299 838 2340 consociatum
865 2307 942 2339 est.
976 2297 1115 2348 Atque
1135 2296 1202 2338 his
1225 2294 1418 2336 omnibus
1440 2295 1568 2347 prod-

361 2387 476 2425 esse,
516 2383 555 2416 et
601 2376 837 2426 proximum
888 2386 1095 2426 quemque
1134 2372 1307 2414 maxime
1347 2372 1490 2425 juvare
1518 2383 1564 2413 ac

363 2451 471 2493 tueri
506 2450 726 2492 debemus:
761 2463 896 2503 neque
921 2451 963 2492 id
985 2450 1065 2492 nisi
1091 2446 1298 2490 discendis
1324 2445 1444 2488 bonis
1471 2445 1568 2486 arti-

363 2526 447 2569 bus
493 2528 696 2579 consequi
726 2539 975 2581 possumus.
1035 2525 1115 2568 Fac
1153 2524 1311 2567 tandem
1343 2532 1458 2574 esse,
1493 2518 1571 2571 qui

1517 2593 1569 2638 ab
