1693 3110
444 207 1218 256 SANCTOCRUCIL
1357 215 1444 269 ,ψ

227 344 327 378 mox
361 335 449 386 ejus
486 331 734 375 Memoriam
769 314 824 372 ab'
854 330 1045 373 Instituti
1075 332 1193 374 socio
1215 333 1445 387 Dacierio⁹

225 411 284 453 V.
321 411 423 463 CL,
465 410 664 462 scriptam
702 408 960 459 transmisit,
995 418 1035 449 ct
1066 409 1256 462 iniquius
1279 413 1328 452 de
1352 412 1450 454 Vil.

227 488 386 530 loisoni
408 487 599 529 doctrina
619 485 853 539 Judicatum
883 485 1156 538 improbavit.
1214 487 1334 530 Adeo
1369 489 1448 531 do.

223 566 354 607 lorem
383 565 512 619 magis
544 565 585 606 in
612 565 868 616 amicorum,
901 578 1022 617 quam
1049 579 1150 618 sua,
1175 580 1325 610 caussa
1349 582 1449 621 pro-

224 645 319 686 dere
345 643 524 685 solebat.
585 641 696 684 Nam
728 653 861 694 quum
897 642 1068 684 biennio
1102 653 1251 696 postea
1286 644 1448 700 filiam,

224 730 332 770 quae
357 730 439 759 una
472 718 508 759 ei
537 730 587 760 ex
612 717 725 760 natis
757 726 1002 770 supererat,
1027 718 1111 772 jam
1133 719 1225 761 viro
1247 731 1452 775 nuptam„

220 804 356 836 morte
380 794 622 846 amisisset,
663 807 794 847 eaque
826 794 1007 836 orbitate
1041 796 1093 837 ad
1127 804 1305 839 veterem
1338 797 1450 841 filio-

220 884 315 913 rum
342 873 504 913 luctum
529 881 828 923 renovaretur,
860 883 984 912 suum
1022 871 1104 914 sibi
1136 883 1282 915 casum
1316 884 1362 916 ut
1386 874 1450 918 fa-

220 950 341 991 talem
368 948 526 990 tacitus
562 947 689 998 tulit,
723 959 800 989 nec
828 948 917 1001 ejtls
941 948 1136 988 notitiam
1164 948 1440 1002 absentibus,

220 1023 416 1076 quamvis
440 1023 586 1064 amicis
604 1054 618 1074 9
649 1036 726 1065 nec
761 1023 891 1075 mihi,
924 1024 973 1065 ad
999 1036 1122 1077 quem
1157 1024 1233 1067 illo
1257 1036 1447 1081 tempore

217 1101 297 1142 alia
320 1101 370 1142 de
397 1112 545 1142 caussa
575 1098 784 1140 scribebat
803 1129 817 1150 ‚
841 1100 1090 1152 impertivit.
1149 1101 1289 1152 Idem,
1313 1115 1446 1154 quum

214 1177 357 1218 eodem
394 1185 583 1229 tempore
613 1186 807 1229 ageretur
840 1177 890 1218 de
928 1176 1169 1230 Republica
1204 1189 1349 1220 nostra
1396 1179 1441 1222 in

213 1254 409 1306 Regnum
450 1254 673 1304 mutanda,
718 1252 779 1294 nil
822 1253 941 1305 prius
982 1254 1221 1306 potiusque
1263 1254 1441 1308 habuit⁹

214 1341 339 1383 quam
373 1338 421 1371 ut
454 1341 518 1370 me
553 1341 625 1381 per
652 1330 1043 1380 literas-moneret,
1076 1329 1235 1382 quibus
1265 1331 1441 1373 rationi-

213 1409 296 1449 bus
319 1418 429 1447 meae
448 1405 673 1457 fortunae,
701 1416 825 1457 quam
851 1405 1081 1458 periclitari
1101 1405 1306 1458 putabat,
1333 1418 1441 1448 con-

216 1484 411 1525 sulerem.
472 1482 603 1537 Quod
650 1482 878 1524 consilium
918 1482 1016 1523 licet
1051 1482 1241 1525 insecuta
1272 1493 1442 1535 tempo·

215 1571 306 1599 rum
334 1559 485 1599 lenitas
512 1570 869 1609 supervacaneum
903 1558 1115 1609 redderet,
1145 1570 1341 1613 magnum
1375 1569 1438 1601 ta-¹

213 1647 308 1676 men
341 1636 432 1689 ejus
468 1645 562 1687 erga
589 1646 654 1674 me
676 1634 770 1675 fidei
803 1643 844 1675 et
865 1635 1017 1676 amoris
1041 1635 1340 1677 documentum
1367 1649 1436 1680 ex-

213 1709 339 1751 stitit.
388 1712 564 1750 Ineunte
591 1709 787 1760 proximo
810 1721 920 1750 anno
946 1709 1272 1762 MDCCCVH,
1302 1723 1435 1763 quum

212 1795 398 1826 nostram
433 1783 573 1825 urbem
616 1783 816 1825 terribilis
843 1784 913 1824 illa
942 1785 1080 1826 clades
1109 1785 1173 1827 die
1197 1799 1264 1827 ΧΠ
1282 1787 1437 1840 Janua-

208 1863 259 1904 rii
297 1861 542 1912 afflixisset,
587 1861 655 1901 hic
694 1862 744 1902 ad
778 1860 952 1913 primam
989 1863 1046 1902 rei
1085 1861 1237 1905 famam
1271 1867 1434 1916 percul-

206 1952 310 1991 sus,
341 1939 458 1981 nullst
489 1940 604 1980 mora
640 1939 892 1991 interposita
911 1969 926 1991 ,
959 1939 1087 1981 domo
1111 1942 1211 1982 exiit
1237 1942 1430 1984 sciscita-

203 2021 295 2055 tum
329 2015 441 2065 apud
474 2025 719 2056 communes
751 2012 1003 2067 familiares,
1034 2016 1071 2056 si
1100 2016 1204 2068 quid
1235 2019 1338 2059 mihi
1361 2033 1430 2065 ¹ac·

203 2090 412 2132 cidisset:
452 2100 703 2143 comperto,
747 2103 812 2132 me
845 2092 988 2133 vivere
1021 2100 1061 2133 et
1093 2093 1258 2146 valere,
1290 2098 1429 2140 literas

205 2174 473 2217 quantocyus
520 2167 570 2207 ad
613 2178 678 2207 me
714 2167 854 2218 dedit,
899 2168 1154 2221 postulans,
1198 2181 1245 2212 ut
1295 2185 1340 2213 se
1378 2175 1430 2215 de

205 2243 308 2284 meis
332 2243 456 2285 rebus
477 2244 569 2297 ipse
590 2245 810 2286 certiorem
843 2245 1036 2291 facerem.
1093 2248 1330 2293 Postremas
1367 2253 1421 2295 ab

206 2329 255 2358 eo
288 2317 430 2359 literas
464 2319 567 2360 mihi
603 2320 777 2361 Lutetia
815 2322 942 2362 redux
978 2323 1129 2364 adtulit
1159 2326 1321 2368 Ravius
1350 2341 1428 2369 no-

204 2403 315 2444 ster,
340 2405 439 2434 mox
461 2395 551 2447 ipse
575 2395 640 2437 die
669 2409 686 2438 1
716 2398 960 2438 Decembris
978 2399 1102 2441 nobis
1130 2412 1264 2444 morte
1286 2405 1426 2446 adem·

202 2478 292 2512 tus.
348 2470 495 2525 Quae,
526 2472 753 2526 profecto,
786 2484 868 2515 tam
894 2475 1058 2518 crebrae
1094 2478 1316 2521 hominum
1345 2493 1424 2522 no-

202 2550 268 2594 bis
301 2563 493 2595 carorum
541 2563 697 2597 mortes
734 2566 814 2597 nos
856 2566 1028 2608 quoque
1071 2558 1328 2610 admonent,
1371 2569 1420 2601 ut

1334 2636 1426 2678 bre-
