1693 3110
263 154 355 203 ‘216
489 157 569 201 DE
599 150 783 202 OBITU
811 156 988 212 SAXII,
1018 158 1256 214 HANAE,

262 278 469 336 Jacobum
497 279 746 334 Jaegerum‚
790 278 946 335 insigni
995 281 1197 324 scientiae
1240 281 1484 337 ingeniique

266 357 388 401 laude
411 358 624 399 florentem
647 358 860 411 Juvenem.
922 357 1003 400 Hic
1033 371 1097 400 me
1117 360 1300 411 docens,
1330 360 1480 402 Histo·
1512 366 1515 368 '

257 432 361 473 riam
376 462 391 484 ,
423 432 730 491 Geographiam
749 465 762 485 ,
790 444 947 475 veteres
968 433 1189 488 Linguas;
1214 435 1333 486 plura
1355 436 1477 476 etiam

256 511 408 554 volens
431 512 579 561 docere
594 544 609 565 ‚
631 513 787 567 quibus
813 516 999 558 nondum
1029 526 1214 558 maturus
1238 529 1342 558 eram
1357 547 1372 568 ,
1391 517 1480 558 vel·

254 588 318 628 uti
343 587 638 631 Mathematica
656 620 670 641 ,
696 599 737 633 et
763 589 942 634 Latinos
980 604 1131 634 versus
1151 604 1356 646 pangere;
1392 592 1482 633 duo

250 672 360 704 certe
390 663 530 714 bona,
563 676 745 717 quorum
784 677 963 717 prorsus
988 666 1126 706 adhuc
1164 679 1308 719 expers
1341 678 1479 719 eram,

250 751 332 779 suo
374 741 564 792 exemplo
601 742 644 782 in
674 753 738 782 me
773 743 837 783 vel
865 742 1067 785 excitavit
1091 743 1158 784 vel
1188 742 1476 795 ingeneravit,

247 826 419 857 sensum
456 816 626 869 pulcri,
666 827 707 858 et
743 818 1031 860 assiduitatem
1081 818 1247 871 studii3
1282 818 1389 859 unde
1421 818 1484 859 fa-

249 903 365 936 ctum
405 902 495 944 est,
529 905 575 934 ut
601 892 839 948 Scriptores
865 894 1042 946 Latini,
1074 894 1117 937 in
1161 894 1306 946 primis
1342 893 1485 947 Virgi-

251 968 340 1018 lius
377 976 416 1009 et
457 967 637 1020 Nepos,
668 978 707 1008 et
741 969 950 1021 placerent
977 968 1080 1012 mihi
1101 981 1398 1021 summopere,
1435 978 1478 1011 et

252 1046 304 1087 ad
329 1045 549 1098 legendum
588 1047 939 1099 relegendumque
964 1057 1027 1085 me
1055 1044 1263 1086 allicerent
1297 1058 1343 1086 ac
1370 1054 1484 1086 tene-

251 1130 360 1162 rent.
420 1120 583 1175 Quarto
613 1133 723 1162 anno
749 1120 817 1161 ilie
846 1121 1066 1171 publicum
1090 1120 1267 1163 docendi
1296 1132 1482 1173 munus,

251 1208 351 1238 mox
377 1196 612 1238 cathedram
639 1196 888 1238 Matheseos
924 1197 966 1238 in
1000 1197 1222 1239 Academia
1259 1196 1483 1237 Rintelen-

252 1274 291 1314 si
316 1273 525 1325 adeptus,
555 1284 742 1315 nostram
776 1273 946 1314 domurn
978 1273 1175 1324 reliquit:
1208 1285 1286 1325 ego
1317 1272 1479 1314 scholis

249 1347 546 1392 Professor-um
578 1361 745 1401 operam
774 1351 867 1391 dare
898 1348 1048 1402 coepi:
1078 1348 1234 1401 quibus
1262 1348 1482 1400 quadrien-

250 1427 369 1468 nium
398 1425 548 1476 partim
575 1427 818 1477 perceptis,
851 1426 1000 1477 partim
1029 1425 1293 1478 degustatis,
1327 1424 1482 1478 quinto

255 1516 369 1547 anno
396 1502 586 1554 relictis,
617 1513 753 1545 toturn
780 1515 842 1544 nie
866 1502 1125 1545 Graecorum
1158 1503 1324 1544 lectioni
1357 1501 1477 1544 dedi:

251 1581 296 1625 in
319 1595 448 1633 eaque
470 1594 618 1624 rursus
645 1580 964 1634 quadriennium
990 1587 1184 1622 versatus
1200 1610 1215 1630 ,
1237 1578 1480 1631 Epistolam

251 1659 457 1702 Criticam
490 1661 541 1702 ad
574 1659 879 1703 Rulinkenium
917 1658 1088 1712 scripsi.
1149 1657 1245 1698 Hoc
1285 1655 1487 1698 interval·

248 1734 320 1788 lo,
368 1749 468 1778 casu
504 1737 547 1778 in
580 1735 780 1788 ssangium
819 1734 977 1784 incidi,
1020 1733 1157 1775 eadem
1193 1733 1235 1775 in
1274 1731 1378 1773 urbe
1409 1731 1481 1772 de-

251 1822 447 1867 gentem,
479 1811 639 1855 nobilis
674 1810 855 1852 familiae
884 1811 1170 1864 paedagogum
1190 1840 1203 1860 ‚
1237 1807 1477 1860 quindecim

245 1886 332 1929 fere
357 1887 478 1939 annis
506 1899 571 1928 me
599 1889 795 1940 maj0rem
813 1919 828 1939 ,
878 1885 1016 1927 omnis
1057 1885 1239 1927 liberalis
1266 1885 1474 1926 doctrinae

245 1965 462 2017 peritum,
497 1962 752 2005 Graecarum
788 1971 925 2004 autem
964 1960 1299 2011 Latinarumque
1320 1959 1473 2000 Litera-

245 2053 339 2083 rum
367 2050 559 2081 accurata
586 2039 763 2081 scientia
782 2038 1050 2080 excellentem
1071 2066 1085 2087 ,
1118 2045 1156 2077 et
1179 2037 1302 2088 plane
1324 2036 1375 2076 ad
1400 2035 1481 2076 Er·

251 2115 440 2160 nestinae
481 2115 656 2157 rationis
699 2114 943 2168 elegantiam
980 2113 1208 2153 excultum.
1267 2110 1324 2151 Et
1349 2110 1476 2162 hujtts

252 2191 357 2234 mihi
398 2191 478 2233 viri
516 2190 739 2233 fructuosa
778 2189 862 2231 fuit
895 2189 1159 2231 consuetudo
1192 2187 1243 2227 ad
1266 2184 1479 2237 cognitio-

242 2280 337 2313 nem
369 2268 411 2309 in
450 2267 604 2320 primis
643 2268 855 2309 bonorum
893 2266 1100 2311 librorum
1137 2264 1179 2304 in
1207 2261 1373 2305 Latinis
1398 2260 1475 2302 Li·

237 2344 366 2393 teris,
399 2344 440 2384 in
468 2343 629 2394 quibus
657 2353 757 2384 tunc
783 2355 922 2395 novus
949 2350 988 2383 et
1025 2343 1180 2392 hospes
1220 2352 1342 2381 eram.
1403 2338 1476 2380 Sa-

240 2409 473 2463 cerdotium
510 2421 770 2462 rusticanum
809 2421 934 2462 semel
971 2426 1150 2469 nactus,
1183 2417 1226 2457 in
1258 2416 1349 2469 ejus
1385 2425 1476 2454 uma

243 2497 318 2543 bra
343 2496 497 2549 latum
519 2498 773 2548 Academiae
799 2500 918 2557 luce,
936 2494 1128 2550 quamvis
1153 2505 1262 2544 unus
1288 2491 1477 2541 omnium

1403 2563 1468 2613 ἄν
