1693 3110
278 191 364 249 3¹86
585 187 1185 234 msthTA‘rto

282 313 469 370 profecti
494 321 614 356 sunu>
670 312 735 354 De
762 311 921 364 quibus
941 321 1160 365 antequam
1187 313 1403 371 dicamus,
1432 313 1504 362 dia

284 390 463 431 cendum
496 396 560 428 est
595 387 644 428 de
677 400 700 430 P
716 401 785 429 ΥΤ
804 402 914 431 HAG
931 401 1001 432 oR
1018 402 1106 430 Eis
1124 419 1138 440 ,
1171 401 1194 430 a
1214 390 1370 442 quibus
1393 393 1503 436 hane·

282 463 534 507 sententiam
569 464 678 506 clare
712 464 948 518 diserteque
968 477 1205 519 expressa-m
1233 467 1503 520 reperiemus,
1535 488 1539 492 ·

281 541 698 586 PYTHAGORAS
729 541 888 596 igitur,
933 542 1006 594 qui
1039 553 1173 584 rerum
1207 552 1395 586 naturam
1415 557 1505 587 nu·

284 618 410 660 meris
447 617 686 671 significare
716 619 912 671 solebat,
943 620 1028 661 duo
1059 619 1268 673 principia
1297 631 1388 662 esse
1421 633 1504 664 vo.

281 693 396 745 luit,
437 707 486 736 ex
521 695 680 747 quibus
717 696 855 738 omnia
890 696 999 738 facta
1027 706 1196 748 essent,
1225 700 1296 748 τὴν
1333 702 1502 744 Μονάδω

281 775 518 824 unitatem,
550 785 746 815 caussam
769 774 1002 827 efficientem
1019 786 1035 814 .·
1066 782 1107 814 ct
1132 776 1204 824 τὴν
1228 777 1373 819 Δυάδαι
1395 775 1506 818 dua·

280 851 451 893 litatem
482 863 675 893 caussam
700 854 937 907 patientem
968 859 1008 890 et
1041 852 1273 891 materiam
1292 881 1307 901 ‚
1338 865 1391 893 ex
1417 864 1505 906 qua

281 927 539 984 cffimgarzlur
561 929 702 967 omnia
727 939 754 964 a
777 936 927 965 caussa
951 923 1158 978 efficiente.
1219 923 1281 965 Ita
1307 936 1370 965 eSt
1392 925 1507 978 apud

281 1003 566 1055 scriptorem,
600 1001 674 1053 qui
707 1000 840 1052 vulgo
872 998 1125 1041 Plutarchus
1150 999 1423 1052 perhibetur,
1453 1001 1506 1042 de

276 1078 434 1122 Placit.
467 1078 631 1119 Philos.
664 1074 715 1128 Ι,
738 1087 783 1129 J.
815 1084 856 1117 et
889 1075 1088 1117 disertius
1124 1074 1312 1118 adfertur
1345 1089 1368 1119 a
1397 1077 1505 1120 Dio-

280 1167 384 1209 gene
424 1154 566 1197 Laert.
600 1152 729 1204 VIII,
762 1164 833 1207 25.
879 1163 928 1194 ex
969 1152 1240 1206 Alexandro,
1282 1153 1504 1206 deperdito

278 1232 498 1276 Historiae
527 1231 857 1284 philosophicae
888 1231 1113 1282 scriptore.
1173 1230 1279 1273 Non
1302 1242 1365 1274 est
1386 1230 1506 1282 quod

277 1308 502 1349 doctorum
555 1305 807 1357 hominum,
860 1306 905 1346 in
949 1306 1193 1358 explicanda
1238 1307 1502 1361 Pythagorae

276 1393 445 1434 mente,
491 1382 675 1435 argutias
716 1382 783 1423 vel
829 1393 1096 1435 sequamur,
1147 1383 1213 1424 vel
1254 1381 1500 1427 referamus,

277 1460 392 1502 Satis
417 1469 481 1500 est
505 1459 794 1510 intellexisse,
819 1458 926 1499 hanc
950 1459 1041 1512 ejtls
1067 1470 1160 1500 esse
1184 1458 1293 1502 vim.-
1347 1458 1505 1500 Mundi

276 1548 471 1580 caussam
513 1534 757 1577 efficientem
791 1545 882 1575 esse
917 1545 1071 1576 unam:
1113 1534 1231 1584 sive,
1262 1544 1310 1575 ut
1345 1545 1504 1587 praeter

273 1626 362 1655 eam
391 1612 505 1654 nulla
532 1611 612 1653 alia
644 1609 728 1661 sit,
760 1609 849 1651 sive
876 1621 963 1651 non
995 1610 1137 1662 possit
1157 1621 1251 1652 esse
1273 1611 1382 1655 alia:
1410 1613 1502 1655 sive

270 1698 414 1743 partes
448 1689 538 1741 ejus
580 1698 729 1728 omnes
764 1695 849 1728 tam
885 1694 995 1726 arcte
1039 1684 1126 1726 sint
1167 1697 1408 1738 connexae,
1449 1696 1501 1728 ut

271 1765 416 1806 unitas
442 1763 624 1805 existat:
662 1762 752 1803 sive
786 1762 844 1803 ita
880 1761 937 1803 sit
974 1774 1086 1814 una,
1119 1770 1165 1802 ut
1191 1772 1327 1814 partes
1361 1764 1502 1806 nullas

272 1841 445 1882 habeat:
479 1841 623 1882 harum
661 1839 793 1892 igitur
824 1838 1217 1890 interpretationum
1257 1850 1505 1890 quamcum-

273 1930 357 1970 que
395 1918 492 1969 quis
534 1917 843 1968 amplectatur,
889 1915 995 1956 illud
1033 1916 1165 1957 valeat
1206 1927 1376 1956 necesse
1408 1923 1502 1966 est,

271 2005 697 2037 PYTHAGORAM
735 2004 929 2034 caussam
963 1990 1204 2034 efficientem
1244 1991 1372 2045 hujus
1406 1992 1504 2031 uni-

272 2070 412 2121 versi,
441 2082 526 2111 non
549 2069 592 2111 in
619 2068 817 2122 pluribus
841 2069 1025 2123 eiusdem
1054 2069 1216 2123 generis
1243 2067 1499 2119 individuis,

273 2153 349 2195 sed
383 2150 424 2192 in
461 2161 549 2191 uno
585 2148 806 2191 individuo
852 2147 1066 2201 posuisse.
1135 2145 1226 2201 jam
1259 2158 1356 2187 vero
1393 2146 1501 2187 lianc

272 2239 465 2270 caussam
490 2226 732 2268 efficientem
760 2238 851 2268 esse
884 2225 1100 2277 Mentem,
1134 2236 1306 2277 eamque
1337 2236 1408 2277 per
1434 2233 1502 2264 to-

274 2314 364 2346 tum
390 2304 591 2345 mundum
619 2301 817 2344 diffusam
850 2300 984 2357 (Cic.
1018 2301 1074 2345 N.
1099 2301 1155 2343 D.
1184 2300 1231 2352 Ι,
1261 2313 1326 2344 11.
1346 2301 1394 2353 )‚
1428 2299 1501 2340 sed

273 2394 362 2425 eam
386 2392 520 2421 tamen
545 2380 709 2422 unicam
727 2411 741 2432 ‚
765 2380 905 2422 verbis
927 2379 1143 2422 affirmavit
1168 2378 1337 2420 disertis
1353 2409 1367 2428 ‚
1397 2388 1502 2429 quae
1524 2372 1528 2376 ’

272 2468 441 2502 exstant
467 2459 578 2510 apud
604 2459 864 2502 Clementem
889 2459 1014 2500 Alex,
1040 2457 1223 2499 Adhort.
1259 2469 1303 2508 p.
1326 2467 1380 2506 47
1397 2484 1412 2505 ‚
1438 2453 1496 2494 C·

273 2546 318 2581 et
354 2536 571 2591 Cyrillum
616 2546 753 2582 contr.
784 2535 945 2593 Julian.
979 2535 1015 2579 l.
1058 2548 1103 2589 p.
1135 2547 1220 2590 30,
1250 2534 1304 2577 C.
1346 2536 1395 2576 ‘O
1425 2532 1502 2581 μὲν

1393 2608 1494 2657 Θεὸς
