1693 3110
185 186 271 242 716
394 185 581 228 INDEX
611 183 958 244 UTRIUSQUE
989 186 1335 234 VOLUMINIS.

241 319 346 359 nae,
387 306 513 348 animi
549 318 800 359 morumque
843 307 962 349 dotes
999 320 1045 350 ac
1076 309 1281 352 virtutes:
1313 312 1552 368 intelligen-

241 379 332 421 tiae
358 385 398 416 et
436 378 701 429 cogitationis
741 379 942 419 naturalis
972 378 1170 422 facilitas.
1205 392 1283 436 727
1325 393 1423 433 sqq.
1466 382 1554 423 Do-

239 450 385 487 ctrina
410 447 660 490 Graecarum
682 446 1018 508 ’Latinarumque
1044 450 1276 493 Literarum
1292 482 1308 503 ,
1336 452 1548 495 Historiae

240 528 283 559 et
318 516 618 568 Antiquitatis.
660 531 741 575 734
787 532 886 572 sqq.
938 520 1164 574 singularis
1212 521 1426 563 doctrinae
1464 522 1555 563 laus

240 589 287 633 in
313 587 413 630 bene
459 586 670 630 scribendi
702 588 922 642 facultate
949 591 1105 643 posita.
1150 602 1230 646 737
1254 603 1353 644 sqq.
1385 592 1558 632 institu-

241 659 369 700 tionis
412 666 452 699 et
485 657 738 714 disciplinae
770 660 892 702 ratic.
936 671 1014 715 742
1047 672 1146 713 sqq.
1207 660 1385 702 Animus
1413 658 1560 715 pulcri

240 730 459 785 decorique
503 743 622 774 sensu
655 744 678 773 a
715 740 859 772 natura
897 731 1108 784 imbutus,
1153 731 1409 785 optimorum
1459 729 1562 772 seri·

239 810 411 855 ptorum
449 800 629 842 lectione
667 800 779 841 altus
813 811 1062 853 auctusque.
1103 814 1183 857 752
1223 812 1324 853 sqq.
1356 799 1427 852 qui
1466 810 1561 840 sen-

245 885 324 920 sus
357 872 393 913 ei
430 872 514 912 fuit
536 883 697 911 morum
713 868 813 922 fons
848 882 887 913 et
910 873 1131 928 officiorum
1156 873 1323 928 regula.
1358 882 1440 925 755
1461 882 1561 924 sqq.

245 944 356 986 Vera
395 947 462 986 sui
502 942 774 992 aestimatio,
805 953 900 985 cum
936 943 1120 986 candore
1155 954 1194 987 et
1229 943 1429 986 modestia
1460 952 1563 983 con-

245 1016 411 1070 iuncta.
445 1028 523 1070 757
559 1025 657 1067 sqq.
718 1012 876 1069 Magni
906 1017 1042 1056 animi
1074 1025 1112 1056 et
1146 1016 1336 1069 generosi
1372 1013 1566 1069 specimi-

250 1099 322 1129 na,
367 1087 450 1141 760
497 1099 593 1140 sqq.
668 1085 805 1128 Bonas
842 1086 924 1127 fuit
962 1087 1307 1142 paterfamilias.
1347 1085 1428 1140 764
1462 1095 1562 1137 sqq.

248 1158 393 1200 bonus
430 1158 525 1199 item
563 1160 667 1201 civis
705 1159 1046 1211 optimatumque
1081 1158 1281 1210 partium.
1330 1157 1408 1211 767
1456 1167 1560 1207 sqq.

251 1226 494 1270 Naffur-alis
525 1230 748 1279 facilitas,
792 1240 898 1281 quae
937 1238 1072 1269 tamen
1113 1237 1431 1278 nonnumquam
1468 1228 1559 1278 ejus

245 1300 411 1354 judicio
431 1308 471 1340 et
496 1299 678 1343 acumini
705 1297 864 1339 offecit.
881 1310 962 1352 770
975 1311 1073 1348 sqq.
1105 1297 1221 1338 Phil.
1246 1301 1361 1339 Dect.
1379 1306 1418 1339 ct
1436 1297 1486 1338 A.
1505 1296 1565 1340 L.

251 1370 324 1410 M.
337 1371 472 1409 denuo
487 1369 721 1420 appellatur
734 1366 1033 1419 XVittebergae.
1048 1380 1142 1421 773.
1172 1367 1368 1421 Corporis
1391 1367 1561 1409 habitas

254 1437 524 1490 provectiore
558 1446 705 1478 aetate.
739 1437 821 1490 782
853 1448 949 1488 sqq.
986 1459 1036 1467 —-
1070 1439 1263 1479 Extrema
1297 1438 1406 1478 vitae
1435 1450 1558 1488 pars:

255 1508 399 1550 obitus
423 1507 487 1548 die
521 1504 687 1560 14Maji
708 1505 808 1561 1798
826 1535 839 1556 ‚
862 1506 1007 1548 aetatis
1031 1519 1139 1548 anno
1152 1507 1348 1550 LXXVI.
1366 1507 1448 1562 785
1463 1519 1564 1559 sqq.

195 1579 441 1625 Rumam
465 1592 563 1622 Νη
598 1577 912 1620 Commentario
950 1578 1000 1619 ad
1039 1577 1202 1620 Timaei
1233 1577 1340 1618 Lex.
1370 1576 1475 1619 Plat.
1513 1588 1563 1619 ex

254 1648 338 1690 Ed.
374 1649 528 1701 altera,
554 1650 614 1691 nil
650 1650 699 1691 ad
730 1648 1038 1690 absolutionem
1073 1648 1201 1690 deest.
1243 1649 1279 1690 1.
1317 1659 1413 1703 453.

199 1744 255 1753 α-
306 1744 364 1755 -
414 1745 460 1753 —
505 1743 559 1751 —
599 1721 823 1772 Epistola,
870 1719 988 1759 laude
1030 1717 1215 1760 Samenii
1261 1717 1456 1769 insignis.
1503 1716 1559 1763 II.

255 1792 325 1833 82.
385 1790 583 1841 Epistola
626 1793 675 1833 de
707 1791 881 1837 invento
923 1788 1036 1842 apud
1072 1788 1304 1842 Photium3
1335 1788 1437 1833 aliae
1461 1786 1568 1842 Epi·

254 1861 402 1905 stolae.
435 1863 495 1913 ll.
534 1874 632 1916 317.

853 2022 913 2079 S.

206 2235 272 2277 Σ,
318 2221 598 2268 antecedentis
643 2221 869 2274 vocabuli,
910 2222 1266 2276 praepositionem
1308 2224 1382 2270 σὺν
1426 2227 1571 2270 absor-

262 2298 363 2352 psit.
397 2300 434 2340 Ι.
464 2307 534 2350 45.

207 2372 340 2415 Nlc.
380 2376 779 2409 SAGUNDINUS
811 2363 995 2406 Moralia
1028 2364 1240 2407 Plutarchi
1276 2368 1470 2421 quaedam
1493 2366 1578 2412 La·

265 2441 354 2481 tine
384 2438 524 2479 vertit.
558 2440 593 2481 I.
627 2449 723 2491 349.

212 2512 365 2555 SALC
386 2518 596 2551 nnus:
633 2507 722 2560 ejus
757 2517 921 2549 carmen
951 2507 1000 2548 de
1033 2507 1159 2550 malo.
1191 2511 1248 2552 11.
1283 2519 1379 2564 345·

212 2586 639 2632 SALLUSTIUS‚
673 2578 721 2620 de
749 2577 847 2623 Diis
876 2589 915 2622 et
948 2581 1121 2624 munde.
1158 2583 1218 2626 Π.
1247 2592 1347 2635 432.

1489 2647 1589 2692 CL.
