1693 3110
422 185 1206 235 SANcTocRUCIL
1346 198 1432 247 25

208 310 452 360 eonstantia
468 341 483 363 ‚
510 310 682 359 solertia
696 340 711 361 ,
738 320 778 352 et
800 311 926 354 animi
950 311 1182 365 praesentia
1198 343 1214 364 ,
1234 311 1432 355 maritum

209 399 251 431 et
284 388 439 434 liberos
476 397 713 439 servasset,
757 400 902 439 parum
939 388 1078 432 abfuit
1115 394 1216 442 quin
1249 391 1340 442 ipsa
1369 389 1432 432 ibi

206 466 375 518 periret.
435 464 542 506 Nam
579 464 603 506 ὲ
638 464 891 517 praedonum
930 466 1197 519 principibus
1232 467 1430 519 decreto,

205 542 377 602 jamque
404 539 656 583 satellitibus
673 541 867 587 mandato
883 573 897 593 ,
918 552 964 583 ut
981 543 1426 596 comprehenderetur,

202 615 279 658 illo
304 616 399 668 ipso
438 617 639 669 temporis
671 626 836 670 puncto
870 618 1020 670 reperit
1055 620 1272 670 quomod.)
1309 620 1432 660 aufu-

202 701 340 745 geret:
374 701 413 733 et
439 693 489 734 ad
515 692 707 735 maritum
735 706 780 735 se
804 693 962 747 recepit
995 706 1033 736 a.
1062 692 1391 736 Mnccxuiv
1408 725 1433 745 ,t

207 778 351 809 mense
377 766 556 811 Martio.
602 769 756 812 Interea
780 771 1008 823 praedones
1035 783 1111 823 spe
1136 782 1212 811 sua
1237 771 1432 822 decepti,

205 842 306 884 iram
324 874 338 896 ,
371 846 454 897 qua
488 844 530 886 in
556 846 752 894 dominos
777 845 968 888 absentes
994 845 1154 888 incensi
1185 856 1326 897 erant,
1360 858 1430 887 exo

199 919 371 972 plerunt
403 919 528 962 rebus
557 933 700 963 eorum
734 922 1025 974 praesentibus
1049 922 1263 964 vastandis
1292 932 1331 961 et
1368 934 1431 961 πρ

197 995 388 1046 prandis.
449 996 565 1038 Bona
593 998 816 1039 traduntur
843 1009 1096 1051 sequestro,
1128 998 1282 1038 domus
1304 998 1327 1037 a
1355 1010 1427 1038 s02

193 1069 342 1114 dalitio
365 1071 568 1115 seditioso
588 1082 850 1126 occupatur,
871 1073 967 1115 libri
985 1073 1246 1125 diripiuntur
1269 1102 1283 1123 ,
1303 1073 1425 1113 char-

194 1155 261 1188 tae
285 1158 536 1199 cremantur,
595 1149 794 1191 Accessit
816 1151 1015 1192 cumulus
1043 1148 1233 1191 omnium
1262 1147 1424 1190 acerbi-

198 1231 358 1274 tatum,
394 1224 539 1265 obitus
565 1224 781 1266 amborum
819 1224 1034 1268 filiorum:
1068 1224 1141 1277 qui
1177 1232 1317 1265 utrum
1344 1235 1421 1266 sua

190 1309 356 1351 morte,
389 1311 439 1340 an
464 1298 595 1340 aliena
621 1299 691 1350 vi,
722 1300 928 1351 obierint,
962 1302 1005 1341 in
1037 1310 1223 1341 neutram
1257 1308 1420 1352 partem

190 1373 407 1428 significat
439 1375 662 1428 Scriptor:
694 1376 909 1429 posterius
949 1385 1088 1417 tamen
1126 1384 1174 1416 ut
1209 1374 1419 1416 verisimi-=

185 1450 271 1492 lius
298 1452 576 1503 censeamus,
608 1451 771 1498 faciunt
808 1463 904 1492 curn
939 1460 1151 1504 tempora,
1194 1458 1283 1490 tum
1310 1460 1418 1501 quae

185 1526 354 1569 aliunde
389 1537 558 1579 accepta
596 1527 722 1568 nobis
757 1527 1003 1568 meminisse
1045 1526 1249 1566 videmur.
1311 1524 1415 1565 Erat

183 1612 320 1645 autem
358 1601 456 1642 haec
491 1611 531 1642 et
571 1602 615 1642 in
648 1602 881 1653 desperatis
918 1601 1041 1642 rebus
1078 1599 1411 1642 unicivademtio

185 1676 362 1728 solatii,
394 1686 435 1717 et
475 1676 516 1717 in
553 1677 763 1718 restitutis
789 1679 991 1719 continua
1016 1676 1177 1717 doloris
1204 1675 1414 1717 instaura-

180 1752 265 1804 1103
301 1764 432 1804 quum
455 1750 498 1794 in
523 1753 715 1804 reliquiis
739 1751 950 1806 naufragii
974 1753 1031 1794 rei
1054 1751 1272 1794 familiaris
1299 1763 1408 1792 sem=

178 1840 256 1881 per
291 1827 453 1879 aliquid
492 1837 760 1879 occurreret,
792 1829 910 1880 quod
943 1828 1258 1869 carissimorum
1289 1827 1405 1879 capi-

176 1912 267 1948 tum
298 1903 547 1945 desiderium
587 1905 804 1949 excitaret.
868 1907 929 1945 lta
953 1903 1140 1954 undique
1165 1903 1215 1944 ad
1241 1914 1405 1944 moero-⁷

172 1992 256 2023 rem
296 1979 589 2029 sollicitatu5‚
636 1990 724 2021 non
765 1988 903 2022 tamen
947 1978 984 2018 ei
1017 1977 1221 2028 indulsit,
1264 1989 1404 2029 neque

168 2056 444 2110 principalem
487 2053 616 2101 animi
642 2063 798 2105 partem
825 2052 1085 2107 aegritudine
1108 2051 1214 2096 affici
1245 2065 1399 2105 passus

167 2140 249 2174 est.
299 2130 418 2193 Quin
441 2129 644 2182 sapientis
670 2141 839 2171 munere
862 2127 1075 2182 fungens,
1100 2129 1396 2182 prudentiam,

167 2206 463 2256 fortitudinem
484 2235 499 2257 ,
544 2206 892 2259 temperantiam,
926 2204 1115 2251 retinuit,
1176 2205 1294 2259 Quae
1330 2204 1395 2246 illi

163 2282 402 2324 constantia
423 2291 463 2324 et
489 2281 670 2324 felicitas
693 2281 886 2326 veniebat
908 2291 929 2319 e
955 2288 1065 2320 certa
1091 2291 1286 2322 verorum
1314 2280 1392 2322 bo-

164 2369 314 2402 norum
345 2357 662 2409 aestimatione,
695 2367 898 2399 vanorum
925 2362 1172 2407 contemtu,
1204 2367 1244 2397 et
1269 2356 1389 2401 firma,

167 2432 378 2476 sententia
403 2445 466 2474 res
492 2433 695 2475 humanas
717 2442 946 2482 totumque
973 2429 1216 2473 universum
1240 2433 1388 2474 divino

105 2569 114 2575 ξ
151 2508 327 2559 numine
349 2508 600 2567 gubernari:
637 2520 761 2565 qua-m
784 2505 1032 2553 seutentiam
1060 2506 1085 2549 ὲ
1107 2507 1261 2550 teneris
1291 2519 1391 2550 sus-1

1321 2591 1393 2630 963
