1693 3110
270 161 346 206 594
630 133 1120 188 EPISTOLA

270 271 389 315 nulla
407 301 422 318 .‚
451 279 560 319 quae
582 265 806 318 impediat,
836 269 1034 316 anparet3
1067 261 1196 304 immo
1229 258 1401 304 suadere
1424 256 1497 306 vie·

270 347 395 389 detur
419 342 611 394 analogia
638 340 866 393 Temporis
889 349 928 380 et
955 340 1127 381 aliarum
1150 349 1283 380 rerum
1309 339 1495 382 existen-

263 425 401 465 tium:
433 429 473 462 at
497 417 726 472 participes
750 429 843 459 esse
870 416 1094 468 utriusque
1125 426 1213 457 non
1237 414 1411 457 omnino
1443 421 1496 457 ut

268 510 336 540 :res
360 496 611 546 sensibiles,
646 495 720 537 sed
741 501 820 536 suo
845 493 928 535 sibi
956 493 1082 534 modo
1106 501 1146 533 et
1170 490 1349 533 ratione.
1395 489 1500 533 Vel-

267 572 333 612 uti
367 572 412 613 in
445 570 528 613 hoe
559 569 780 622 exemplos
812 580 899 610 non
925 567 1065 609 omnia
1099 567 1385 619 quadrupedia
1425 579 1500 608 eo·

270 647 362 690 dem
392 647 519 690 modo
548 656 732 699 quatuor
769 645 898 697 pedes
925 643 1105 695 habent,
1139 655 1226 695 quo
1246 655 1394 686 canes:
1427 641 1500 685 sed

268 724 351 767 alia
372 734 519 776 genera
550 723 697 773 aliter,
729 730 769 762 et
798 720 999 773 quodque
1034 731 1168 773 genus
1201 731 1283 762 suo
1304 719 1387 760 sibi
1410 731 1504 762 mo·

270 800 347 841 do.⁴
408 799 480 841 Sic
517 799 561 840 in
592 795 936 849 intelligibilibus
974 796 1072 846 his,
1104 804 1275 837 naturas
1308 795 1504 849 cogitan-

271 884 336 917 tes
359 877 426 918 vel
450 873 700 925 inferiores,
732 873 801 914 vel
829 871 1098 925 superiores,
1130 872 1201 913 vel
1235 883 1502 926 supremam,

270 954 408 996 Deum
427 982 442 1004 ‚
475 962 668 993 caussam
713 948 906 991 omnium
949 959 1118 1000 rerum,
1149 948 1286 1001 Spatii
1313 948 1505 1002 'sempo-

272 1031 419 1082 fisque
454 1027 683 1081 participes
722 1037 815 1067 esse
849 1036 924 1077 par
965 1033 1030 1065 est
1070 1024 1370 1066 convenienter
1402 1036 1506 1068 suae

278 1118 471 1160 quasque
497 1113 694 1147 naturae:
730 1114 778 1144 ac
814 1100 892 1143 Dei
920 1101 1089 1152 quidem
1110 1100 1302 1154 Tempus
1327 1112 1505 1144 censen—

273 1184 373 1224 dum
397 1192 487 1221 esse
507 1191 594 1221 non
620 1177 854 1219 mutatione
888 1188 1021 1217 rerum
1052 1185 1093 1217 et
1120 1176 1393 1218 successione
1416 1188 1510 1219 mo-

274 1266 545 1307 mentorum,
579 1254 654 1296 sed
688 1252 903 1294 constanti
942 1260 982 1292 et
1025 1251 1279 1292 immutabili
1318 1251 1507 1293 duratio-

275 1345 362 1385 ne,
392 1332 576 1385 singulis
613 1329 808 1382 partibus
846 1337 978 1370 totam
1018 1328 1303 1370 aeternitatem
1335 1329 1507 1381 explen-

275 1419 347 1451 te:
379 1406 574 1460 Spatium
607 1413 744 1446 autem
769 1405 839 1446 vel
870 1403 1032 1444 infinita
1054 1404 1311 1455 praesentia,
1341 1405 1407 1446 vel
1432 1404 1513 1446 alia

278 1484 457 1537 quadam
484 1481 582 1522 Deo>
604 1479 730 1532 digna
758 1477 933 1520 ratione.
974 1477 1095 1532 Quae
1116 1478 1285 1529 omnia,
1306 1478 1384 1520 etsi
1406 1491 1512 1531 qua-

277 1561 336 1603 lia
362 1559 448 1601 sint
472 1558 751 1611 ignoramus,
782 1562 920 1595 tamen
945 1564 1116 1593 necesse
1143 1564 1266 1603 esse,
1294 1560 1344 1593 ut
1363 1553 1511 1605 aliquo

282 1638 412 1680 modo
438 1635 554 1686 sint,
585 1630 880 1685 intelligimus,
926 1629 1026 1684 Quo
1050 1630 1099 1670 de
1122 1640 1370 1681 argumento
1397 1642 1511 1683 egre-

287 1716 357 1772 gie
385 1715 599 1756 disserunt
624 1708 822 1751 Plotinus
845 1707 905 1748 V1
923 1735 940 1758 ,
973 1709 1027 1757 8,
1060 1707 1138 1756 16,
1168 1706 1419 1747 Plutarchus
1448 1706 1511 1747 De

281 1790 344 1835 El
371 1787 585 1840 Delphico
626 1798 674 1837 p.
711 1797 821 1838 392,
854 1795 958 1836 393:
992 1791 1032 1823 et
1064 1783 1159 1832 alii,
1193 1794 1303 1832 quos
1331 1780 1390 1822 ibi
1415 1783 1511 1823 lau-

279 1863 497 1907 davimus.
569 1858 659 1913 jam
697 1859 790 1911 ipsa
825 1857 1051 1911 Categoria
1087 1857 1222 1910 Spatii
1247 1869 1371 1910 quam
1410 1857 1512 1899 mire·

281 1940 555 1987 conformata
580 1936 673 1978 esti,
702 1959 759 1970 ·-

822 2087 947 2137 VII.

340 2245 438 2289 CR.
478 2244 587 2286 Hem
609 2244 685 2286 tu!
717 2252 912 2286 totumne
939 2241 1157 2295 spinarum
1185 2239 1394 2282 effundere
1419 2250 1514 2282 sac-

283 2334 379 2366 cum
402 2335 523 2376 paras
545 2322 565 2363 2

343 2401 418 2443 w.
456 2401 555 2454 Ego
587 2412 686 2442 vero
721 2399 920 2452 putabam
956 2408 1019 2438 me
1056 2395 1181 2437 flores
1219 2404 1440 2449 spargere,
1471 2401 1512 2436 et

291 2490 458 2537 gratum
488 2478 614 2522 vobis
645 2477 806 2519 facere:
853 2475 921 2519 sin
954 2484 1102 2517 contra
1133 2472 1322 2528 accidit,
1353 2483 1433 2513 vos
1467 2471 1515 2515 in

1417 2546 1515 2592 stills
