1693 3110
304 149 385 205 460
603 144 1195 189 DISPUTATIO

303 270 438 310 lorum
477 265 593 317 acie,
632 275 679 306 ut
711 278 803 317 res,
843 279 947 318 quae
983 267 1025 309 in
1061 268 1184 307 Luna
1220 273 1347 318 sunt,
1378 265 1521 310 mani--

299 342 411 385 festo
439 353 599 382 cernam
617 370 632 391 9
664 352 727 381 res
762 340 953 380 Lunares
980 340 1082 381 mihi
1109 350 1210 382 sunt
1239 352 1501 393 praesentes:

302 428 342 460 et
378 420 436 458 ita
473 417 515 458 in
550 413 721 464 reliquis
757 424 820 455 est
860 415 1073 458 sensibus.
1133 415 1300 469 Igitur,
1331 415 1366 457 si
1400 417 1505 468 quid

302 505 346 534 ea
373 493 532 533 ratione
564 488 668 528 mihi
701 489 937 542 subjectum
971 491 1057 541 sit,
1089 500 1137 531 ut
1170 492 1277 532 iilud
1300 493 1506 534 continuo

296 567 494 610 sensibus
543 563 646 605 meis
682 565 895 617 percipere
931 575 1188 617 tractareque
1222 567 1415 620 possim3
1459 567 1513 608 il-

240 668 244 672 »
298 645 372 685 lud
398 641 501 683 mihi
536 651 599 682 est
634 653 856 692 praesens,
890 642 978 683 sive
1012 654 1096 683 uno
1130 643 1256 684 distet
1289 656 1310 683 a
1346 654 1410 684 me
1433 654 1507 682 cu,

302 718 423 769 bito,
455 717 545 758 sive
580 716 838 769 myriadibus
863 715 1154 758 diametrorum
1188 727 1331 760 terrae.
1392 718 1510 759 Prae-

300 807 400 836 sens
431 803 471 834 et
507 803 715 833 remotum
755 804 796 832 re
831 792 919 844 ipsa
952 804 1080 833 unum
1116 793 1310 844 idemque
1346 801 1435 844 est3
1468 801 1510 833 ee

301 870 454 912 virium
490 867 842 909 imbecillitatisve
878 876 1047 908 nostrae
1072 869 1199 920 gradu
1235 880 1514 920 mensuraque

302 944 460 988 existit.
527 943 676 995 Itaque
722 943 838 984 Deus
880 943 930 984 ab
976 943 1175 984 omnibus
1212 944 1338 984 rebus
1370 955 1502 995 aeque

306 1022 461 1072 distat3
494 1032 596 1069 seu,
638 1027 682 1059 ut
723 1017 865 1059 verius
901 1018 1118 1069 dicamus,
1152 1018 1351 1060 omnibus
1385 1020 1510 1061 rebus

309 1107 371 1138 est
397 1093 786 1148 praesentissimus3
820 1095 978 1146 quippe
1011 1094 1199 1146 singulas
1224 1103 1263 1134 et
1289 1093 1505 1135 universas

307 1172 366 1213 ita
386 1179 593 1222 potestate
624 1169 984 1221 intelligentiaque
1004 1182 1078 1209 sua
1102 1168 1428 1221 complectitur,
1463 1176 1511 1209 ut

310 1259 378 1288 eas
401 1245 570 1297 penitus
597 1252 731 1284 teneat
754 1256 799 1283 ac
825 1243 1039 1294 percipiat.
1102 1243 1302 1286 Ceterum
1341 1243 1507 1294 saepius

309 1323 484 1364 miratus
515 1332 639 1369 sum,
672 1319 886 1370 quomodo
907 1316 1064 1360 factum
1093 1318 1181 1370 sit,
1216 1328 1261 1358 ut
1292 1316 1512 1369 Lockius,

303 1398 388 1449 Ep.
416 1397 465 1437 ad
488 1393 737 1436 Limborch.
771 1394 887 1445 Opp.
919 1393 974 1435 T.
1003 1393 1082 1436 111.
1115 1407 1160 1446 p.
1186 1395 1286 1445 629.
1322 1393 1420 1434 huic
1446 1405 1509 1433 ra-

306 1472 414 1513 tioni
446 1469 606 1521 aliquid.
642 1469 865 1509 tribueret:
907 1480 1001 1509 cum
1041 1469 1126 1519 ait,
1158 1470 1289 1523 spatii
1320 1465 1514 1518 infinita-

310 1557 390 1590 tem
425 1560 452 1587 a
478 1545 567 1586 Deo
599 1543 831 1598 compleri:
862 1545 946 1583 nisi
982 1545 1089 1583 enim
1115 1544 1182 1584 ita
1204 1546 1290 1594 sic,
1323 1556 1411 1583 cum
1436 1556 1521 1584 non

313 1622 496 1666 omnibus
526 1620 648 1661 rebus
673 1619 776 1671 fore
803 1627 1098 1673 praesentem‚·
1138 1627 1266 1672 atque
1298 1617 1400 1659 adeo
1434 1631 1525 1664 noa

314 1702 360 1741 in
391 1711 439 1739 ca
464 1708 581 1755 posse
612 1707 768 1750 agere,
801 1702 848 1735 ut
879 1706 928 1739 ea
954 1696 1092 1748 polius
1122 1697 1304 1749 ignoret.

817 1847 858 1898 S.
934 1845 1019 1888 ΙΙ.

319 2004 386 2048 De
416 2002 678 2059 argmneutis
709 2011 817 2054 quae
846 1996 1062 2039 ducuntur
1092 2013 1144 2040 cx
1183 2006 1348 2039 natura
1377 1995 1525 2050 Infini-

669 2078 774 2116 talis
799 2085 878 2130 per
904 2086 944 2114 se
970 2083 1197 2130 spectatae.

378 2230 457 2271 Sed
494 2229 667 2282 explosa
698 2227 780 2269 ista
816 2227 1044 2280 opinione,
1077 2238 1156 2278 qua
1190 2225 1282 2267 Deo
1313 2237 1361 2266 ex
1395 2223 1520 2277 spatii

326 2305 534 2349 infinitate
569 2303 814 2344 infinitatem
846 2304 1056 2344 vindicare
1088 2302 1265 2352 volunt,
1309 2302 1523 2343 videamus

327 2384 377 2424 de
410 2381 610 2430 reliquis,
647 2392 751 2430 quae
791 2391 838 2419 ex
871 2380 1010 2419 eodem
1047 2377 1252 2419 attributo
1290 2377 1421 2428 repeti
1454 2388 1526 2417 so«

330 2459 445 2509 lent,
478 2455 664 2498 Unitatis
701 2453 1148 2498 demonstrationibus
1219 2449 1528 2503 Haeduplicis

1434 2535 1539 2571 sunt.
