1693 3110
233 200 324 257 &18
472 240 473 243 ,
619 190 1077 252 MEMORIA·

232 320 317 364 rhas
350 317 559 363 scribendi
585 318 911 362 *exercitationes
937 319 1098 361 obierit·
1123 326 1171 362 ac
1197 322 1445 375 perceperit(

244 396 344 449 lpse
366 397 486 437 etiam
524 394 604 438 hoc
642 394 684 436 in
712 405 858 455 genere
892 406 1012 437 suum
1044 395 1154 447 sibi,-
1186 406 1234 438 ut
1259 398 1449 451 solebat,

244 471 465 523 separatim
490 469 678 512 instituit
702 483 877 523 pensum
895 502 909 524 ‚
942 472 1140 514 vertendo
1169 473 1449 517 Ciceroniano

222 546 552 589 „Paradoxorum
578 544 750 600 libello,
782 556 899 589 antea
922 547 1004 589 sibi
1026 548 1071 589 in
1101 547 1260 589 scholis
1289 548 1451 590 nostris

243 621 412 664 Latinis
446 630 724 673 pertractato:
748 623 931 677 ejusque
958 622 1191 665 Exordium
1228 623 1252 664 a
1281 634 1327 665 se
1347 634 1456 666 cond

243 709 413 740 versum
439 698 540 738 mihi
564 699 777 750 ostendit,
805 699 1097 752 iudiciumque
1135 710 1270 741 meum
1295 708 1341 740 ut
1366 698 1454 741 sibi

243 773 493 825 impertirem
512 803 526 824 ,
558 786 625 815 me
649 773 829 826 rogavit.
888 774 983 829 Ego
1006 774 1261 817 indefessum
1295 773 1456 830 optimi

247 849 525 890 adolescentis
554 851 740 890 studium
781 861 1030 902 magnopere
1059 850 1264 901 miratus,
1303 849 1458 891 nolens

245 923 291 966 id
316 937 407 966 eum
434 925 617 976 minore,
650 937 774 976 quam
802 937 876 977 par
905 935 1017 977 erat,
1049 924 1194 967 fructu
1230 936 1459 968 consume·

245 1011 315 1052 re;
348 999 463 1042 suasi
488 1001 521 1040 ei
546 1009 592 1042 ut
616 999 784 1042 initium
811 1001 997 1042 vertendi
1023 1000 1174 1043 faceret
1199 1002 1242 1043 in
1266 1000 1457 1043 Histori-

252 1087 336 1124 co,
368 1076 591 1117 ostendens
619 1086 820 1127 quantum
848 1075 897 1118 ad
923 1076 1181 1130 intelligendi
1211 1074 1460 1119 facilitatem

247 1149 465 1192 interesset
497 1151 606 1192 inter
652 1152 899 1193 historicum
936 1163 976 1194 et
1010 1153 1263 1195 didacticum
1296 1161 1454 1206 genus}

249 1225 462 1278 depromsi
501 1227 536 1267 ei
588 1226 774 1267 eumdem
812 1227 1120 1271 Paradoxorum
1162 1229 1351 1270 libellum
1403 1226 1458 1270 ab

246 1302 433 1344 Adriano
459 1302 660 1344 Turnebo
684 1302 843 1345 Graece
866 1304 1094 1353 redditum:
1121 1302 1233 1358 jussi
1256 1315 1349 1343 eum
1367 1332 1382 1354 ,
1407 1301 1461 1344 ilo

245 1377 331 1420 lius
359 1387 397 1418 et
433 1390 555 1418 suum
593 1377 824 1425 Exordium
859 1377 965 1421 inter
991 1391 1036 1421 se
1067 1390 1331 1432 comparare:
1366 1388 1459 1420 tum

247 1453 452 1494 continuo
486 1453 693 1504 Nepotem
729 1453 771 1495 in
817 1464 966 1496 manus
997 1455 1121 1507 dedi,
1162 1463 1209 1496 ut
1237 1463 1463 1495 conaretur

247 1541 340 1569 eum
377 1526 538 1570 Graece
581 1530 761 1572 reddere.
828 1528 878 1570 In
912 1541 998 1581 quo
1039 1542 1169 1582 quum
1219 1529 1302 1571 sibi
1337 1541 1463 1582 opera

251 1605 443 1658 quamvis
479 1604 618 1646 subita
653 1603 851 1656 facilius,
895 1617 1018 1657 quam
1052 1605 1095 1646 in
1127 1605 1202 1646 illo
1237 1605 1464 1657 meditata,

252 1681 519 1731 succederet,
550 1690 676 1732 atque
714 1680 937 1732 utriusque
967 1682 1128 1735 generis
1154 1690 1194 1722 et
1217 1681 1467 1734 interpreta-

250 1756 383 1797 tionis
429 1754 702 1801 differentiam
730 1764 1008 1808 agnosceret,
1047 1764 1087 1796 et
1121 1768 1251 1808 porro
1281 1756 1317 1797 ei
1351 1757 1465 1799 dice-

224 1843 362 1882 -rem,
409 1844 473 1874 me
510 1842 685 1883 puerum
725 1831 890 1883 aliquot
921 1830 1044 1873 Vitas
1083 1830 1269 1884 Nepotis
1304 1831 1467 1874 Graece

252 1906 455 1957 vertisset,
487 1907 601 1947 domi
625 1907 766 1948 statim
792 1907 898 1948 idern
918 1918 1037 1959 agere
1056 1907 1212 1960 eoepit.
1274 1906 1354 1948 Sed
1378 1906 1465 1948 fuit

225 1980 320 2023 shic
360 1993 534 2034 quoque
582 1993 691 2026 unus
739 1995 788 2025 ex
833 1983 1037 2036 postremi
1084 1982 1182 2024 anni
1217 1980 1464 2034 laboribus,

224 2091 227 2093 .
254 2067 365 2110 quos
391 2056 503 2112 haud
524 2056 584 2098 ita
609 2058 747 2103 multo
773 2067 873 2111 post
895 2071 1008 2101 mors
1029 2057 1266 2110 intercepit.

310 2132 568 2185 Disputandi
607 2133 775 2175 scholas
815 2144 860 2175 ut
904 2133 1091 2175 haberem
1120 2163 1136 2183 .‚
1178 2132 1269 2185 ipse
1302 2130 1386 2173 fuit
1419 2130 1466 2175 in

254 2208 402 2261 primis
426 2207 643 2252 hortator:
671 2208 923 2253 meministis
950 2221 1033 2262 qua
1056 2209 1259 2250 industria
1285 2207 1336 2248 iis
1351 2218 1469 2260 prae·

224 2291 322 2325 'tor
355 2283 606 2335 praesueritt
653 2295 701 2326 ut
741 2295 926 2329 nostram
983 2283 1184 2326 rationem
1227 2282 1466 2325 Vobiscum

257 2359 498 2412 probaverit
532 2369 572 2400 et
605 2361 698 2403 aliis
738 2360 1060 2413 approbaverit,
1091 2359 1326 2413 Jungendae
1346 2358 1470 2400 diale-

258 2435 389 2475 cticae
410 2443 449 2474 et
477 2433 706 2477 rhetoricae
731 2436 1068 2478 exercitationis:
1102 2433 1293 2487 publicae
1329 2442 1464 2474 autem

254 2517 295 2551 et
317 2508 503 2563 privatae
525 2510 706 2553 actionis
730 2511 1059 2566 disjungendaeg,
1093 2522 1140 2553 ut
1162 2509 1289 2551 simul
1314 2508 1364 2550 ad
1388 2507 1471 2550 La«

1428 2591 1482 2623 ua
