1693 3110
416 160 522 206 AD
593 156 1122 206 BOSCHIUM.
1334 170 1395 219 71>

158 286 354 336 tempore
376 282 483 335 hcc,
500 284 572 325 illo
596 283 726 325 illud:
744 283 917 335 quaevis
940 297 1034 338 pars
1055 286 1207 327 domus
1222 296 1379 338 ‚quae-

165 358 231 400 vis
245 358 345 400 hora
365 358 442 400 diei
467 360 750 401 recordatione
773 361 924 400 veteris
950 362 1272 404 consuetudinis
1296 375 1377 406 no-

168 450 267 480 vum
294 439 449 481 vulnus
478 438 721 492 infligebat,
749 436 864 478 rivos
889 440 1166 491 lacrymarum
1191 441 1378 483 excutie-

165 513 237 556 bat
254 545 269 567 ,
293 515 443 568 Teque
467 516 516 556 ad
541 523 706 556 tantum
736 515 896 554 luctum
923 514 1167 557 incendebat
1183 549 1197 570 ,
1229 526 1276 558 ut
1307 517 1381 569 alii

163 599 260 634 tuae
291 591 523 634 valetudini
579 600 826 633 metuerent.
897 589 1056 634 Omnes
1091 601 1193 633 tune
1228 592 1279 634 ad
1313 587 1382 636 Te

164 669 471 711 consolandum
501 679 703 711 venerunt
733 667 880 720 amici,
898 681 1042 710 omnes
1063 669 1242 713 amicae:
1274 673 1383 715 mul-

161 744 196 785 ti
239 743 363 785 etiam
399 743 480 786 viri
524 745 670 787 docti:
716 745 807 798 ipse
845 746 896 786 ad
931 756 997 785 nie
1033 746 1207 797 scripsit
1250 745 1384 789 Leida.

160 820 443 864 Ruhnkenius
461 830 535 874 ,ut
549 820 614 862 Te
636 834 716 863 suo
737 820 908 863 nomine
924 852 938 873 ‚
958 821 1135 874 suisque
1162 821 1302 863 verbis
1325 822 1379 865 ab

162 896 262 951 ipso
300 896 550 951 adscriptis,
591 900 848 940 consolarer.
910 898 990 939 bed
1024 910 1154 949 quum
1188 897 1382 941 omnium

159 978 495 1020 consolationem
523 979 708 1021 vinceret
734 977 980 1031 magnitudo
1001 977 1192 1029 doloris,
1219 976 1382 1031 Tuque

160 1054 224 1098 illi
246 1055 327 1109 jam
358 1057 529 1111 Jamque
552 1055 874 1095 succumberes:
906 1053 1027 1093 ecce!
1060 1052 1269 1093 divinitus
1296 1064 1384 1093 me·

160 1132 292 1175 delam
327 1132 470 1172 attulit
500 1140 573 1171 tua
603 1129 763 1180 Musa,
807 1140 882 1181 spe
915 1126 1102 1169 melioris
1133 1137 1235 1182 post
1275 1128 1382 1170 hanc

159 1207 355 1257 vitae‚et
381 1206 548 1248 divinae
573 1205 863 1258 providentiae
893 1204 1273 1247 commentatione:
1298 1204 1385 1247 Te-

162 1284 245 1335 qu'e
268 1281 359 1338 ipse
381 1281 634 1325 consolatus
660 1292 703 1321 es
730 1270 902 1332 'scripta
940 1280 984 1321 in
1019 1279 1183 1321 obitum
1221 1279 1385 1322 sororis

158 1355 314 1410 elegia,
339 1356 460 1409 plena
480 1357 642 1398 doloris
659 1385 674 1409 ,
716 1356 843 1409 plena
876 1355 1033 1398 amoris
1058 1367 1070 1397 ε
1097 1348 1145 1398 ut
1171 1357 1264 1409 ipse
1305 1357 1381 1399 do-

157 1434 288 1478 lorem
319 1445 435 1475 amor
467 1433 636 1473 sedasse
671 1431 892 1477 videretur.

214 1508 414 1564 Gregorii
437 1521 549 1550 mors
570 1508 710 1551 minus
730 1509 879 1551 acerba
899 1508 1028 1551 nobis
1049 1508 1231 1561 accidit,
1261 1512 1383 1562 quod

159 1586 303 1631 minus
331 1586 551 1627 immatura
583 1594 851 1637 censeretur,
886 1596 1142 1637 quamquam
1169 1584 1252 1626 fuit
1276 1583 1384 1625 mihi

159 1675 257 1705 cum
280 1673 329 1703 eo
352 1673 439 1702 non
462 1661 600 1702 minus
627 1669 824 1712 vetusta,
856 1673 980 1712 quarn
1013 1661 1207 1713 Tecum,
1237 1661 1384 1703 amici-

158 1739 235 1784 tia.
299 1736 370 1778 Tu
396 1736 499 1778 mihi
532 1748 627 1777 eum
660 1736 808 1788 paucis
835 1737 957 1779 annis
995 1749 1061 1778 me
1097 1737 1300 1779 minorem
1336 1739 1382 1780 in

159 1813 425 1867 disciplinam
465 1812 854 1857 commendaveras:
898 1825 981 1866 qua
1025 1813 1095 1855 ille
1139 1826 1212 1856 sex
1245 1825 1382 1857 annos

156 1901 312 1942 utens,
342 1889 387 1931 in
417 1888 571 1930 studiis
597 1900 684 1930 non
708 1889 874 1941 quidem
913 1890 1111 1942 ardebat,
1143 1891 1218 1932 sed
1241 1900 1380 1934 tamen

157 1968 348 2019 calebat,
377 1965 566 2008 Platonis
594 1975 634 2007 et
673 1966 973 2019 Xenophontis
1011 1966 1225 2009 Convivia
1263 1968 1382 2010 edere

158 2043 557 2098 cogitans,jamque
579 2043 907 2085 commentarios
927 2043 1251 2085 annotationum
1276 2055 1380 2085 con-

158 2121 279 2170 ficere
311 2119 571 2164 instituens:
614 2119 761 2162 deinde
801 2120 1007 2172 paulatim
1049 2119 1245 2172 refrixit,
1286 2122 1380 2161 sive

157 2198 274 2251 quod
297 2197 460 2239 diutius
484 2197 594 2249 apud
622 2206 810 2249 parentes
833 2197 1010 2238 aleretur
1039 2207 1080 2237 et
1109 2196 1280 2238 mollius
1308 2196 1375 2238 fo-

157 2281 347 2324 veretur,
388 2271 480 2314 sive
522 2272 647 2315 aliam
687 2271 743 2314 ob
776 2283 995 2314 caussam:
1040 2272 1219 2313 taedium
1264 2284 1376 2318 certe

156 2362 251 2393 eum
276 2350 389 2403 cepit
413 2350 674 2403 studiorum3
709 2360 756 2393 ut
779 2351 1008 2403 aliquando
1032 2352 1128 2394 illos
1156 2365 1371 2395 commen-

162 2427 292 2468 tarios
321 2427 365 2468 in
402 2427 538 2481 ignem
568 2428 824 2483 conjiceret,
854 2437 895 2468 et
930 2428 1077 2471 videns
1103 2430 1375 2483 prudensque

155 2503 435 2550 combureret.
507 2501 573 2548 Ibi
595 2507 740 2562 ‚omnis
772 2504 922 2557 effusm
949 2505 1101 2550 labor:
1143 2517 1379 2557 nostraque

760 2578 799 2625 Ε
828 2592 855 2635 4
1276 2594 1376 2639 spes
