1693 3110
371 174 454 235 65⁶
674 166 1287 221 'DISPUTATIO

164 304 253 342 sect.
274 305 344 340 ΧΠ.
364 302 478 343 tione
502 305 685 342 naturae.
746 298 861 352 Ergo
885 297 1292 340 animadvertendum
1317 307 1407 352 est,
1452 301 1577 344 Sene-

209 352 344 382 seneca.
364 387 433 415 cae
465 374 689 415 consilium
726 385 812 415 non
840 372 974 414 fuisse
996 403 1010 425 ,
1044 383 1089 414 ut
1122 374 1465 427 philosophicam
1495 378 1581 419 dis-

363 449 622 504 putationem
642 478 659 500 ‚
679 449 750 490 sed
773 457 819 489 ut
844 449 1190 491 Consolationem
1235 452 1454 495 scriberen-
1497 455 1582 495 At·

365 526 439 578 qui
464 526 501 568 is
516 556 529 577 ,
561 525 632 578 qui
654 526 899 567 consolatur
920 525 1092 568 alterum
1108 558 1124 578 ‚
1154 538 1198 568 se
1219 528 1269 567 ad
1303 527 1421 570 illius
1442 540 1585 580 perso-

365 614 459 645 nam
483 601 771 643 accommodat
789 632 804 653 ‚
837 602 951 653 quod
976 614 1101 655 snpra
1127 602 1368 645 notavimus
1391 605 1581 657 exemplo

363 675 605 723 Ciceronis.
664 677 810 729 Itaque
831 677 985 720 Seneca
1009 679 1140 721 varias
1166 679 1347 722 rationes
1392 679 1585 729 Marciae-¹

366 755 592 807 admovet,
626 763 674 796 ut
714 754 812 806 illa,
849 767 1144 807 quamcunque
1181 756 1342 797 tandem
1380 757 1584 798 rationem

368 842 605 884 sequatur,
655 841 791 874 tamen
828 832 1030 884 intelligat
1067 844 1153 874 non
1202 845 1294 874 esse
1330 833 1580 875 dolendumz

367 918 492 960 atque
525 910 717 961 exposita
753 908 1056 960 Epicureorum
1095 907 1286 961 ratione,
1318 909 1438 951 finem
1466 909 1584 951 Con-

368 985 567 1026 solationi
593 985 774 1040 imponit
801 987 959 1028 ratione
981 986 1243 1030 Stoicorum.
1305 987 1414 1029 Nam
1438 1017 1454 1039 ,
1484 987 1586 1029 licet

368 1060 460 1114 ipse
492 1061 731 1103 Stoicorum
762 1074 876 1104 more
897 1064 1124 1115 statuerit,
1152 1072 1288 1106 tamen
1317 1064 1394 1106 iilo
1419 1063 1588 1117 saepius

370 1149 600 1179 memorato
630 1139 902 1190 Dilernmate,
935 1148 1110 1182 mortem
1135 1141 1203 1182 nil
1229 1154 1311 1182 esse
1335 1139 1469 1191 mali,
1500 1141 1590 1182 sivo

375 1226 601 1258 remaneat
638 1217 820 1259 Animus
854 1219 939 1261 sive
975 1220 1307 1271 exstinguatur,
1350 1227 1390 1258 et
1424 1214 1486 1256 uti
1520 1226 1595 1265 po-

376 1292 485 1343 tuiz,
508 1302 546 1333 et
571 1292 811 1343 frequenter
833 1305 937 1335 usus
954 1305 1037 1335 est:
1059 1294 1187 1334 veluti
1205 1292 1398 1345 Epistola
1420 1290 1588 1344 Xle,

374 1369 523 1420 LXV,
555 1367 693 1410 Lxxt
711 1398 724 1419 :
742 1368 836 1410 CII.
869 1368 1092 1410 Consolat.
1117 1368 1167 1409 ad
1189 1367 1440 1420 Polybium,
1467 1367 1579 1420 Cap.

371 1445 551 1488 XXVH.
624 1444 791 1499 Quare,
837 1445 873 1484 si
910 1444 960 1485 de
997 1444 1316 1486 Immortalitate
1367 1443 1595 1486 fluctuavit

375 1535 451 1566 nec
489 1521 575 1562 sibi
610 1519 803 1562 constitit
838 1519 1022 1570 Seneca,
1068 1520 1150 1560 hoc
1191 1530 1278 1560 non
1325 1518 1434 1560 locis
1471 1519 1597 1561 modo

377 1595 619 1637 memoratis
653 1595 906 1637 coniicitur:
951 1595 1024 1637 sed
1061 1606 1108 1636 ex
1142 1593 1235 1635 aliis
1273 1593 1464 1646 suspicio
1501 1594 1598 1636 duci

377 1674 544 1728 possit,
589 1673 637 1714 de
679 1672 837 1721 quibus
868 1672 948 1725 jam
1001 1671 1236 1712 videamus.
1310 1669 1418 1712 Nam
1455 1669 1599 1712 Stoica

377 1751 617 1796 Platonicis
654 1749 801 1790 miscet
844 1749 991 1789 eodem
1021 1748 1130 1789 libro
1158 1746 1384 1790 Consolat.
1417 1747 1466 1787 ad
1489 1745 1603 1790 Mar.-

382 1828 507 1871 ciam.
569 1826 671 1868 Tale
690 1834 751 1867 est
783 1825 892 1877 Cap.
922 1824 1061 1866 XXV.
1123 1852 1157 1876 ‚‚
1187 1823 1359 1879 Integer
1379 1822 1452 1865 ille
1472 1822 1603 1864 nihil-

373 1921 460 1964 que
494 1910 540 1948 in
574 1907 705 1946 terris
747 1903 986 1958 relinquens
1008 1902 1161 1956 fugit,
1193 1910 1232 1942 et
1266 1910 1375 1942 totus
1400 1901 1600 1942 excessit.-

378 1983 654 2040 pcmlsnmque
677 1990 809 2035 supra
837 1993 905 2020 nos
926 1987 1204 2020 commoratus
1221 2008 1235 2029 ‚
1264 1977 1361 2018 dum
1388 1987 1600 2029 expurga·

369 2068 463 2106 ,tur
476 2066 514 2097 et
528 2056 800 2097 inhaerentia
813 2055 921 2097 vitia
935 2055 1140 2108 situmque
1162 2054 1291 2094 omnis
1305 2050 1500 2094 mortalts
1531 2063 1599 2090 ae·

388 2136 432 2177 vi
455 2134 640 2183 excutit,
671 2129 818 2172 deinde
843 2133 889 2172 in
923 2130 1086 2172 excelsa
1115 2130 1303 2171 sublatus
1326 2127 1605 2180 interfelices

370 2213 531 2257 ,currit
561 2209 770 2260 Animas,
813 2210 1049 2264 excipitque
1084 2215 1219 2248 coetus
1254 2218 1402 2256 sacer,
1444 2205 1604 2260 Scipio·

391 2301 459 2331 nes
482 2286 756 2341 Catonesque,
790 2287 935 2341 utique
957 2292 1225 2325 contemtores
1259 2283 1401 2332 vitae,
1433 2289 1471 2322 et
1494 2289 1606 2321 mor-

391 2366 448 2405 tis
472 2360 662 2413 beneficio
690 2361 833 2404 liberi.
894 2359 1135 2414 Parensque
1164 2367 1260 2398 tuns
1277 2387 1291 2408 ,
1322 2357 1534 2406 Marcia,
1556 2354 1609 2396 il-

393 2438 448 2479 lic
471 2447 652 2492 neposom
693 2450 841 2488 sunm,
864 2447 1112 2490 quamquam
1136 2432 1227 2474 illic
1265 2431 1450 2474 omnibus
1490 2443 1604 2472 omne

393 2523 614 2570 cognatum
641 2523 699 2556 est
720 2545 735 2567 2
768 2514 957 2572 aspllcat
981 2513 1058 2555 sibi
1082 2513 1195 2556 ηονιῖ
1219 2511 1309 2554 luce
1325 2508 1607 2566 gaudentem,

1569 2591 1613 2629 οῖ
