1693 3110
451 203 1112 259 PARENTALIA.
1309 210 1389 264 353

110 328 137 355 ”⁷
161 337 394 383 ¹termittere
414 347 500 378 non
524 334 736 377 debemus,
796 331 879 374 Hic
903 342 1029 374 natus
1058 332 1101 375 d.
1129 343 1241 375 xxix
1260 330 1376 373 Mara·

162 414 213 455 tii
237 427 274 456 a.
297 421 515 455 moccxm
530 440 543 461 ‚
571 419 698 461 paene
717 418 819 459 puer
838 407 861 448 a
884 406 1044 458 Ravio,
1064 407 1223 460 collega
1245 419 1385 458 quon⁴

161 490 254 532 dam
293 500 470 540 nostro,
500 484 761 536 Theologiae
798 491 839 523 et
872 482 1089 524 Oratoriae
1123 480 1376 523 Sacerdotall

161 567 446 615 conciliatus,
478 572 611 615 eoque
646 560 820 602 doctore
865 568 981 600 antea
1015 559 1218 609 orbatus,
1252 567 1377 608 quam

165 643 256 694 ejus
286 641 478 692 exemplo
501 649 646 680 vocem
679 635 956 686 habitumque
980 635 1031 676 ad
1062 633 1224 676 virilem
1255 630 1380 673 firmis

170 728 296 762 tatem
322 718 608 770 excoluisset,
631 728 677 759 se
703 727 838 757 rerum
860 713 985 766 copia
1005 725 1050 754 ac
1075 711 1248 753 scientia
1270 720 1384 751 tuta·

167 804 239 838 tus
263 805 344 838 est.
397 795 503 835 Nam
541 804 582 835 et
608 793 848 844 complures
874 790 1130 832 diversarum
1160 786 1380 829 Professo-

170 883 237 914 res
263 871 581 922 disciplinarum
607 869 775 911 assidue
799 867 1023 915 audiebat,
1054 874 1095 906 et
1117 863 1258 905 audita
1285 863 1385 904 fide-

162 948 260 989 liter
297 945 410 987 dorni
444 942 830 992 commentabaturffi
867 950 907 981 et
941 949 1148 992 praeterea
1185 939 1272 979 dies
1307 944 1385 979 no-

166 1032 345 1074 ctesque
376 1021 419 1063 in
446 1019 636 1062 omnium
666 1018 851 1059 lectione
880 1018 1081 1059 librorum
1107 1017 1386 1067 conterebat,

165 1101 350 1143 veterum
368 1127 384 1146 ‚
397 1074 606 1140 'novbr-um
623 1125 638 1146 ‚
656 1093 912 1136 Graecorum
931 1124 948 1144 ‚
979 1092 1227 1134 Latinorum
1245 1122 1260 1142 ‚
1282 1091 1382 1134 Ori.

165 1175 367 1219 eutalium
390 1203 405 1225 ,
459 1171 818 1224 Philosophorum
843 1193 859 1223 9
900 1171 1116 1212 Poetarum
1145 1200 1160 1222 ,
1203 1169 1392 1211 Ηίεϊοή·Δ

161 1265 307 1296 corum
324 1283 339 1302 ‚
370 1252 581 1304 aliorum3
615 1251 686 1294 vix
712 1259 758 1293 ut
784 1251 866 1292 sibi
894 1251 1124 1303 quidquam
1156 1248 1381 1294 laxamenti

167 1339 211 1372 et
228 1329 383 1382 quietis
401 1330 662 1371 concederet.
701 1328 876 1371 Nostris
898 1330 1064 1381 quidem
1084 1329 1243 1371 scholis
1262 1329 1387 1381 quin-

171 1405 401 1460 quennium
426 1406 616 1449 studuit:
641 1405 880 1459 intereaque
896 1437 909 1458 ‚
930 1408 978 1448 u't
1002 1405 1216 1448 facultatis
1241 1405 1283 1446 in
1307 1404 1390 1446 hoc

172 1493 320 1535 genere
352 1493 452 1523 suae
473 1481 684 1532 specimen
718 1482 936 1533 proderet,
973 1480 1148 1532 scripsit
1176 1479 1391 1520 Lectiones

173 1556 453 1608 Homericus,
485 1557 612 1607 idque
638 1568 713 1599 sua
745 1564 925 1608 sponte,
957 1569 1021 1598 me
1043 1557 1290 1610 ignorante,
1320 1568 1394 1598 ne-

175 1633 276 1674 dum
299 1632 560 1673 adhortante.
622 1630 908 1682 Perscriptum
944 1630 1046 1672 mihi
1071 1632 1255 1674 ostendit
1280 1632 1393 1683 spis-

177 1718 274 1750 sum
314 1706 539 1754 volumen..
573 1704 623 1746 de
659 1717 746 1757 quo
778 1705 883 1746 illud
910 1706 1092 1759 valeret,
1123 1721 1216 1748 cum
1237 1706 1394 1759 flueret

172 1783 430 1833 lutulentus,
474 1790 573 1824 erat
609 1780 721 1837 quod
754 1781 903 1823 tollere
939 1782 1078 1824 velles.
1140 1782 1271 1824 Erant
1306 1796 1393 1825 ma-

175 1866 298 1912 gnam
324 1867 478 1908 partem
515 1856 673 1898 similes
698 1857 875 1898 alaorurn
902 1868 1115 1910 poetarum
1142 1870 1181 1900 et
1206 1859 1391 1913 scripto-

173 1946 266 1977 rum
294 1932 410 1983 loci,
433 1945 517 1974 non
535 1934 660 1975 modo
673 1933 932 1985 Graecorum
952 1947 992 1978 et
1020 1936 1270 1979 Latinorum
1285 1954 1298 1988 5
1314 1936 1390 1978 sed

174 2008 490 2060 Hebraeorum,
522 2009 705 2050 Arabum
721 2040 735 2062 ,
761 2019 848 2052 tum
875 2012 1149 2053 recentiorum
1166 2044 1180 2064 ‚
1204 2012 1395 2066 sselgico·

178 2097 272 2127 rum
289 2114 304 2136 ,
333 2083 706 2136 Germanicorum,
734 2086 1034 2138 Anglicorum‚
1060 2087 1389 2128 Francicorum:

178 2162 225 2204 in
237 2162 304 2202 his
319 2161 514 2212 quaedam
529 2162 579 2201 ab
603 2161 697 2202 aliis
718 2163 904 2204 nondum
920 2164 1166 2206 observata:
1185 2173 1298 2205 erant
1313 2164 1392 2205 eti-

181 2251 246 2280 am
262 2238 458 2291 quaedam
475 2239 497 2279 e
515 2238 672 2280 nostris
684 2238 846 2280 scholis
857 2249 1079 2291 suscepta,
1092 2251 1197 2292 quae
1209 2240 1393 2292 pertine-

183 2324 276 2358 rent
290 2315 341 2355 ad
365 2313 697 2355 constituendam
713 2316 967 2367 scripturam
982 2344 996 2366 ‚
1012 2324 1052 2355 et
1076 2317 1298 2358 verborum
1317 2316 1396 2357 ob·

187 2389 426 2432 scuriorum
450 2401 499 2430 ex
520 2390 709 2444 analogia
734 2401 773 2432 et
800 2391 960 2445 origine
977 2392 1355 2444 interpretationem
1377 2403 1392 2432 ς

187 2463 385 2517 quaedam
412 2464 530 2506 etiam
554 2467 604 2506 ad
629 2466 733 2508 hanc
760 2466 959 2509 rationem
987 2467 1118 2510 factae
1139 2468 1274 2520 ipsius
1297 2481 1396 2520 pro-

187 2540 301 2595 priae
331 2541 733 2587 animadversiones.
796 2544 920 2586 Suasi
958 2546 1027 2598 ei,
1060 2555 1107 2587 ut
1140 2545 1247 2587 illud
1273 2543 1397 2597 prius

244 2611 340 2657 Vol.
371 2612 425 2658 Π.
892 2618 932 2663 Ζ
1337 2627 1411 2674 ge!
