1693 3110
219 142 310 188 9:06
552 126 1053 181 EPISTULA

224 277 271 307 ra
306 259 571 310 destinatur,
600 269 820 300 numerum
852 258 1191 314 aggregavimus.
1259 258 1353 317 Jam
1378 273 1453 309 exa

221 342 338 396 plevi
374 351 531 382 munus
567 339 592 381 ὲ
634 339 760 383 vobis
795 339 898 381 mihi
923 340 1201 397 impositum3
1234 353 1281 384 tu
1305 357 1454 404 nunc,

225 417 510 467 Philalethe5‚
552 425 942 473 auctoramentum,
985 429 1027 460 et
1064 429 1144 473 tu,
1188 421 1445 480 Critobule,

224 492 464 549 symbolam
489 491 675 546 imperti.

820 628 875 673 X,

280 777 378 823 PH.
439 779 558 835 Quid
592 779 652 821 ais
687 777 946 822 Critobule?
988 778 1128 824 rides:
1163 782 1329 827 idemne
1371 785 1456 829 tibi,

223 856 426 912 ¹videtur,
458 855 577 908 quod
617 856 752 907 mihi,
783 855 898 898 vices
934 856 979 898 in
1011 856 1125 900 aliud
1157 867 1322 914 tempus
1360 862 1456 918 reji-

225 931 345 982 cere?

280 1008 377 1050 CR.
419 1007 490 1049 Sic
513 1009 667 1051 sentio,
728 1007 788 1050 Et
822 1006 1135 1063 advesperascit
1156 1012 1270 1067 iam,
1300 1014 1449 1059 nobis.

223 1096 309 1139 que
334 1084 571 1126 abeundum
591 1094 671 1128 est.

287 1162 364 1205 W.
411 1161 578 1203 Siccine
614 1161 740 1204 vobis
772 1162 965 1216 videtur,
995 1174 1037 1207 et
1074 1166 1211 1209 datam
1234 1166 1383 1223 fidem,
1415 1174 1460 1213 et‘

227 1247 361 1279 meam
388 1238 741 1290 exspectationem
764 1238 940 1282 fallere?

284 1314 391 1357 CR·
427 1315 562 1366 Atqui
582 1312 704 1356 fidem
728 1314 1025 1369 liberavimusg,
1058 1327 1151 1359 nam
1173 1327 1214 1360 te
1237 1318 1456 1372 promisso

228 1393 477 1436 alacriorem
502 1394 553 1435 ad
575 1393 828 1434 narra-ndum
863 1391 1070 1446 fecimus,
1101 1404 1142 1437 ct
1177 1397 1459 1450 exspectatio-

228 1483 282 1523 ne
306 1469 632 1513 oblectavimus.
691 1466 788 1511 Hoc
822 1467 907 1511 fuit
927 1479 1325 1525 auctoramentum,
1353 1472 1458 1517 hacc

227 1551 443 1606 symbola.

286 1625 364 1671 W.
408 1627 525 1684 Quid
550 1634 615 1669 est
637 1625 732 1668 fidei
759 1623 968 1668 calumnia
984 1655 1000 1677 ‚
1029 1623 1115 1668 nisi
1140 1626 1223 1669 hoc
1244 1628 1340 1670 est?
1369 1629 1457 1672 Ad-

229 1702 345 1756 huc,
387 1712 434 1746 ut
469 1702 633 1745 domini
673 1710 714 1744 et
753 1701 1029 1753 imperatores
1064 1713 1228 1745 mecum
1275 1703 1425 1757 egistis
1442 1717 1459 1752 g

228 1792 378 1831 nunc,
410 1789 460 1821 ut
485 1778 670 1832 tyranni.

286 1854 391 1896 CR.
433 1854 551 1909 Quid
571 1855 653 1897 hoc
673 1853 724 1896 ad
750 1854 988 1908 tyrannos?2

287 1929 366 1974 W.
409 1931 524 1986 Quia
550 1931 747 1974 similiter
780 1931 883 1973 fecit
907 1931 1175 1985 Dionysius,
1206 1932 1373 1976 Siciliae
1394 1943 1463 1988 ty⁴

233 2086 436 2138 mittens;
469 2085 644 2139 deinde,
673 2095 842 2140 peracto
868 2095 1025 2138 cantu,
1057 2087 1165 2128 nihil
1185 2088 1314 2140 dans,
1345 2089 1461 2133 debi-

235 2171 328 2204 tum
354 2161 537 2204 solvisse
559 2173 604 2203 se
622 2161 660 2204 ei
680 2161 853 2204 dicens:
881 2160 1105 2216 Quamdiu
1128 2165 1264 2216 enim,
1289 2165 1456 2219 inquit,

233 2248 286 2281 tu
308 2251 372 2280 mc
391 2246 523 2280 cantu
543 2238 792 2290 delectasti,
813 2238 978 2280 tamdiu
1002 2251 1072 2292 ego
1095 2246 1135 2279 te
1155 2250 1223 2294 spe
1239 2239 1468 2284 delectavi.

232 2313 402 2367 Hodie,
433 2324 481 2356 ut
506 2324 692 2368 caetera,
724 2315 806 2357 hoc
827 2313 950 2358 vobis
975 2314 1036 2356 sic
1060 2313 1217 2356 abibit:

299 2446 402 2490 Post
420 2447 527 2489 mihi
553 2460 633 2489 non
655 2448 786 2491 simili
800 2458 936 2504 poena
963 2448 1179 2491 commissa
1197 2446 1338 2494 luetis.

1351 2556 1457 2609 CR,
