1693 3110
296 197 373 241 130
461 174 924 227 PROLEGOMENA
962 193 1026 225 Ex
1064 180 1360 227 EDITIONE

293 309 452 350 bertate
484 304 745 350 voluntatis:
779 304 877 345 haec
903 315 1033 357 ergo,
1068 312 1115 344 ut
1139 303 1391 360 Empiricac
1412 306 1518 361 Psy-

295 384 521 437 chologiae
545 395 669 433 pars,
703 382 739 422 si
769 380 936 434 quidem
960 379 1093 432 aliqui
1111 380 1330 423 dhabeant
1355 382 1525 425 dubita.

298 459 460 510 tionis,
493 458 604 500 haud
641 456 864 499 difficulter
897 456 1135 498 confirmari
1161 468 1372 511 possunt3
1406 461 1526 511 quod

295 535 464 586 fontes,
481 547 530 577 ex
555 534 713 586 quibus
739 535 865 575 ducta
893 544 994 574 sunt
1009 563 1023 584 ,
1039 532 1296 585 experientia
1319 543 1360 575 et
1382 532 1528 575 obser-

294 611 412 653 vatio
428 611 494 652 sui
517 611 725 665 cujusque
744 609 881 663 ipsius
898 640 912 660 ‚
942 608 1175 661 unicuique
1196 619 1357 662 patent.
1396 609 1528 652 Nune

304 687 356 727 ad
399 687 592 738 proxima
631 686 824 727 venimus
869 684 1049 737 Capita,
1097 698 1203 737 quae
1237 687 1335 739 plns
1372 687 1528 729 habent

295 763 583 806 difficultatis:
619 763 849 815 quintum,
895 762 946 803 de
980 761 1166 814 simplici
1207 762 1352 804 Animi
1401 772 1527 805 natu·

293 850 336 879 ra
363 846 402 878 et
439 837 782 878 immortalitate:
812 847 1006 886 sextum,
1040 837 1090 877 de
1124 836 1303 878 vinculo
1335 847 1377 878 et
1411 850 1528 879 com-

291 913 451 954 mercio
477 913 584 954 inter
613 913 815 955 Animum
839 922 878 953 et
893 912 1092 965 Corpus:
1111 914 1335 966 septimum
1354 944 1370 966 ,
1392 914 1443 956 de
1460 927 1530 956 or-

292 1004 341 1036 tu
360 993 543 1047 Animi:
573 1002 770 1034 octavum
787 1022 802 1043 ‚
827 992 878 1033 de
903 991 996 1033 aliis
1018 991 1179 1033 naturis
1203 991 1527 1045 cogitantibus,

293 1078 459 1122 praeter
501 1069 678 1111 Animos
718 1068 954 1110 humanos:
1005 1080 1142 1121 quae,
1183 1077 1232 1110 ut
1278 1066 1528 1112 Rationalis

292 1157 394 1198 pars
418 1144 757 1198 Psychologiae,
787 1145 939 1196 partim
980 1143 1187 1198 ejusmodi
1212 1154 1343 1194 sunt,
1375 1153 1422 1185 ut
1450 1143 1528 1186 mi.

291 1231 437 1261 norem
463 1219 644 1261 habeant
678 1218 960 1269 evidentiam,
992 1227 1031 1259 et
1065 1218 1424 1260 demonstratione
1462 1221 1524 1261 al·

293 1297 383 1338 tius
409 1296 585 1349 repetita
611 1296 910 1338 constituenda
936 1296 1048 1338 sint:
1082 1297 1233 1349 partim
1260 1310 1304 1339 ca
1329 1297 1522 1339 obscuri-

292 1384 377 1416 tate
401 1381 681 1424 premuntur,
713 1382 760 1413 nt
791 1374 967 1414 omnino
991 1373 1039 1413 de
1064 1374 1116 1414 iis
1151 1373 1253 1415 certi
1294 1374 1353 1415 nil
1390 1374 1520 1415 statui

287 1447 462 1501 possit,
493 1455 533 1488 et
569 1447 654 1488 fere
687 1448 1047 1500 Philosophorum
1081 1450 1339 1503 conjecturis
1379 1450 1520 1492 conti-

292 1531 503 1573 neantur,
530 1522 577 1563 de
604 1521 761 1573 quibus
785 1522 956 1564 facilius
982 1522 1159 1574 reperias
1188 1535 1292 1575 quae
1317 1523 1373 1565 sit
1395 1523 1528 1575 falsa,

297 1611 423 1652 qnam
456 1610 567 1650 quae
602 1611 698 1640 vera
722 1599 779 1639 sit
805 1609 985 1641 statuas.
1043 1599 1112 1640 Ex
1148 1599 1279 1652 priori
1306 1609 1454 1652 genere
1477 1612 1524 1642 ea

300 1691 364 1722 est
390 1680 616 1732 quaestio,
642 1680 768 1733 cuins
794 1678 1080 1720 tractationem
1110 1690 1224 1719 nunc
1247 1676 1534 1730 ingredimur,

299 1769 406 1809 quae
432 1756 530 1796 licet
557 1755 704 1796 multis
731 1755 1017 1807 gravibusque
1051 1763 1226 1795 vexetur
1261 1752 1401 1795 dubiis
1421 1783 1436 1803 ,
1470 1763 1532 1794 ta-

302 1844 399 1874 men
424 1832 495 1872 via
528 1840 567 1871 et
594 1832 754 1871 ratione
777 1831 827 1872 ad
858 1832 1013 1871 exitum
1042 1831 1143 1871 satis
1167 1840 1326 1872 certum
1352 1832 1526 1884 perduci

298 1921 460 1966 potest.
521 1909 665 1964 antts
690 1912 778 1951 viae
803 1910 903 1951 haec
931 1919 1033 1952 sunt
1059 1909 1221 1960 officia,
1258 1919 1304 1951 ut
1338 1912 1534 1952 ostenda·

296 2000 396 2031 tur:
434 1990 653 2045 primum,
700 1987 899 2029 Animum
939 1999 1025 2028 non
1063 1998 1155 2028 esse
1193 1997 1446 2038 corporeum
1485 1997 1528 2029 et

297 2065 618 2117 compositum,
650 2064 723 2105 scd
747 2063 1044 2116 incorporeum
1071 2072 1111 2104 ct
1134 2061 1396 2114 simplicem:
1423 2063 1532 2104 altc-

299 2153 429 2192 rum,
479 2140 610 2193 igitur
645 2140 846 2182 Animum
891 2140 1102 2193 Corporis
1136 2150 1269 2181 morte
1306 2152 1393 2182 non
1431 2140 1530 2181 item

300 2217 411 2259 mori
427 2249 439 2269 ‚
464 2218 601 2259 necin
623 2219 804 2259 eamdem
831 2216 1065 2260 intereundi
1094 2217 1434 2258 communionem
1455 2215 1533 2257 im-

302 2295 450 2348 plicari
469 2326 483 2345 ‚
517 2295 590 2336 sed
619 2298 694 2337 sna
719 2296 859 2349 ipsum
888 2298 1035 2337 natura
1057 2304 1160 2348 post
1186 2295 1398 2348 Corporis
1421 2306 1534 2336 mor-

299 2379 383 2411 tem
411 2382 640 2413 remanere:
677 2375 882 2423 tertium,
914 2383 988 2413 nce
1030 2372 1156 2413 modo
1197 2383 1430 2422 remanere,
1460 2369 1534 2411 sed

302 2445 425 2485 exiam
453 2446 618 2499 vigere,
654 2448 914 2499 cogitatione
946 2448 1125 2500 aliisque
1149 2449 1334 2501 propriis
1360 2458 1534 2489 naturae

285 2533 400 2564 suae
430 2522 592 2564 viribus
622 2524 784 2568 valere:
836 2533 1073 2583 quartum,
1119 2525 1272 2579 etiam,
1314 2524 1351 2567 si
1382 2526 1534 2567 naturai

1452 2599 1535 2644 sua
