1693 3110
289 178 370 224 DE
399 171 922 222 IMMORTALITATE
956 168 1157 217 ANlMt.
1270 173 1350 230 63η

135 302 424 346 Tertullianus
441 312 542 342 vero
567 299 634 339 vel
659 309 775 339 suam
801 297 892 350 ipse
915 294 1162 337 sententiam
1183 293 1344 337 Stoicis
1376 299 1460 334 ερατ.
1480 291 1572 341 Vm.

132 381 311 431 tribuit,
340 379 407 421 vel
448 376 619 418 Stoicos
639 363 841 427 quosdam
859 375 1031 426 ignotos
1056 383 1227 414 secutus
1260 381 1355 424 est,

135 461 211 514 qui
239 459 315 500 hac
338 459 381 500 in
399 465 516 509 parte
546 467 568 496 a
590 465 689 496 suae
712 463 847 494 sectae
872 452 1041 505 placitis
1070 452 1350 495 desciverant.

135 538 383 581 Poteramus
418 535 500 577 hoc
546 534 645 575 loeo
681 531 760 573 alia
802 541 995 573 monere:
1029 530 1162 572 veluti
1191 527 1362 581 opinio-

134 625 229 655 nem
249 611 516 665 Chrysippi,
544 610 717 650 Anax-nos
741 615 837 664 post
865 607 1060 662 Corporis
1086 614 1260 647 mortem
1285 619 1360 646 aea

125 689 271 744 tipere
287 685 478 741 figuram
500 682 756 735 rotundam,
788 693 839 723 ut
860 691 924 724 est
947 681 1060 734 apud
1078 679 1357 722 Eustathium

122 764 185 807 ed
221 763 397 806 Homer.
433 762 482 806 ΙΙ.
504 770 566 806 Ψ.
608 774 652 814 p.
682 760 808 804 1288.
878 759 959 800 Sed
1003 769 1110 810 quae
1140 757 1356 809 diximus,

128 840 237 886 ,satis
269 850 362 881 esse
385 847 585 892 putamus
620 836 671 878 ad
701 835 927 878 consilium
953 834 1216 888 quaestionis
1255 845 1356 887 pro-

129 915 314 968 positae.

1374 343 1492 379 Stoici.

187 989 376 1042 Apparet
399 989 560 1042 igitur,
589 987 762 1029 Stoicos
804 986 1031 1038 statuisse,
1062 985 1243 1028 Animos
1264 994 1352 1028 non
1415 992 1544 1026 Summa

1373 1035 1559 1068 sententiae

122 1076 226 1108 esse
254 1065 562 1119 sempiternos;
604 1076 700 1106 nam
754 1075 826 1105 eos
863 1064 1016 1114 etiam,
1061 1060 1137 1114 qui
1174 1061 1349 1103 maxime
1371 1076 1570 1115 stoicorum.

129 1149 274 1181 essent
295 1139 516 1192 longaevi,
548 1146 686 1180 tamen
718 1137 838 1179 fatali
871 1147 1006 1177 rerum
1046 1133 1350 1178 combustione

127 1215 298 1257 interire
329 1225 372 1257 et
403 1216 446 1257 in
480 1215 735 1268 principium
769 1226 922 1265 suum,
967 1213 1167 1255 nimirum
1202 1211 1350 1266 Ignem

125 1291 324 1344 opificem
357 1303 405 1333 ac
442 1302 653 1331 summum
687 1292 851 1340 Deum,
884 1290 960 1342 qui
995 1290 1118 1331 solus
1153 1297 1218 1330 est
1242 1295 1354 1330 sem·

127 1367 352 1421 piternus‚
381 1366 567 1419 resolvi,
597 1378 675 1408 nec
709 1367 860 1408 iterum
892 1367 1021 1408 vitam
1061 1365 1250 1418 accipere
1274 1373 1354 1408 no·-

127 1445 184 1487 va
215 1454 350 1488 rerum
379 1442 686 1484 instauratione
709 1454 731 1483 a
755 1454 924 1484 summo
960 1442 1049 1483 Deo
1074 1441 1206 1484 fact-a.
1269 1446 1356 1485 Inte

129 1516 430 1568 mortalitatem
466 1518 580 1569 apud
615 1528 686 1558 eos
725 1528 814 1558 non
837 1517 978 1558 locum
1004 1516 1230 1558 necessarii
1252 1516 1355 1559 fun-

129 1593 338 1645 damenti,
369 1601 418 1634 ut
440 1591 553 1645 apud
580 1590 826 1643 Platonem,
860 1592 932 1634 sed
967 1592 1248 1645 consectarii,
1280 1592 1353 1636 ha.

128 1669 304 1721 buisse3
335 1668 395 1710 ita
427 1667 624 1720 quidem,
662 1676 709 1708 ut
743 1668 923 1715 Animos
961 1669 1133 1723 longius
1162 1671 1354 1713 brevius-

127 1757 212 1798 que
244 1757 480 1799 permanere
520 1752 753 1787 statuerent
783 1775 800 1797 ‚
841 1746 1013 1801 longius
1051 1747 1220 1800 bonos,
1255 1735 1368 1789 ‘brea'

128 1823 227 1865 vius
264 1824 426 1875 malos,
456 1832 497 1864 et
530 1824 698 1875 quidem
736 1822 844 1864 circa
870 1821 1036 1864 Lunam
1055 1853 1071 1876 ,
1105 1833 1255 1877 utpote
1279 1825 1347 1868 10³

127 1913 228 1944 cum
278 1913 424 1943 eorum
470 1900 698 1942 subtilitati
753 1900 929 1942 maxime
962 1903 1342 1948 accommodatum-

130 1977 353 2019 Feliciores
381 1989 428 2018 ac
454 1976 744 2019 diuturniores
768 1989 861 2018 esse
886 1977 1096 2020 bonorum
1131 1978 1349 2034 Animos>⁹

125 2055 381 2099 infeliciores
404 2062 444 2096 et
468 2054 643 2096 minoris
662 2053 750 2095 aevi
773 2054 975 2096 malorum
991 2085 1005 2107 ,
1037 2066 1088 2096 ex
1119 2056 1216 2109 ipsa
1248 2055 1354 2097 Vir-

126 2133 238 2175 tutis
263 2143 303 2174 et
323 2130 545 2174 Pravitatis
585 2133 736 2172 natura
767 2130 966 2172 volebant
1000 2132 1237 2184 consequi3
1269 2142 1348 2174 nee

133 2216 270 2250 tamen
303 2207 411 2251 hanc
445 2205 725 2251 diversitatem
765 2205 937 2259 praemii
978 2207 1045 2249 vel
1069 2219 1229 2260 poenae
1259 2207 1349 2251 vim

131 2283 300 2327 habere.
