1693 3110
300 199 379 244 DE
408 194 924 241 IMMORTALITATE
957 193 1149 240 ANIMI.
1249 196 1326 247 561

131 324 278 373 tione,
310 333 413 374 quae
430 321 478 361 ad
503 319 620 370 νος,
652 319 924 361 doctissimos
939 317 1108 371 judices
1124 347 1140 369 ,
1171 315 1243 367 fit,
1269 326 1330 355 res
1353 314 1522 392 ἒῖίῑωῑέζέ

135 398 370 440 accuratius
389 396 605 448 repetenda
630 404 670 435 et
691 394 740 435 ab
764 393 875 434 omni
903 393 1224 445 reprehensione
1242 391 1334 434 vin—

134 474 306 515 dicanda
342 481 419 513 est.
487 470 644 523 Igitur,
691 469 810 510 Plato
848 466 1087 519 frequenter
1124 468 1338 509 Socratem

130 548 233 590 facit
265 548 542 599 disputantem
579 545 628 586 de
664 544 714 584 iis
759 543 913 594 rebus,
947 555 1051 594 quas
1072 555 1155 585 non
1191 554 1343 584 tracta-

139 633 280 667 verat:
325 622 440 663 velut
463 622 504 662 in
527 619 728 669 Timaeo,
758 618 807 659 de
839 617 990 659 Mundi
1017 618 1151 660 Ortuz
1182 619 1223 659 in
1247 618 1345 661 Par-

136 697 328 746 menide,
359 697 406 737 dc
454 696 573 737 ldeis.
632 694 689 736 Et
726 694 929 745 omnino,
962 695 1068 735 solet
1100 692 1185 734 fere
1223 692 1344 734 Plato

140 773 223 815 sub
248 770 434 813 Socratis
462 772 637 821 persona
661 781 777 810 suam
800 768 891 819 ipse
914 770 1156 812 sententiam
1183 768 1345 823 profer-

143 859 200 890 re.
261 847 421 889 Contra
439 875 454 897 ‚
483 845 719 896 Xenophon
747 845 800 884 ita
838 844 999 886 inducit
1026 846 1235 887 Socratem
1253 874 1268 895 a
1300 853 1350 885 ut

144 934 231 964 non
266 922 349 963 nisi
381 923 430 962 de
463 920 512 960 iis
548 919 671 960 rebus
707 920 912 972 disserat,
958 933 1093 973 quas,
1135 931 1351 973 tamquam

136 996 435 1048 Philosophiae
450 1005 767 1046 argumentum,
790 1008 810 1037 a
830 995 999 1038 Socrate
1021 996 1219 1050 probatas
1240 995 1351 1037 suis·-

139 1084 214 1122 se,
246 1071 370 1111 modo
397 1069 498 1110 dixi.
546 1071 627 1111 lam
662 1082 759 1112 vero
788 1072 899 1122 apud
923 1071 1245 1124 Xenophontem
1273 1070 1351 1112 ob-

140 1145 310 1188 scurius
345 1153 384 1184 et
421 1144 628 1187 rarissime
667 1146 717 1187 de
749 1147 998 1189 Animorum
1035 1145 1353 1188 Immortalitate

148 1219 341 1271 loquitur
376 1219 590 1262 Socrates:
626 1222 736 1273 apud
760 1223 971 1264 Platonem
991 1253 1005 1274 ‚
1047 1224 1283 1274 frequenter
1309 1229 1352 1262 et

145 1295 340 1347 copiose.
382 1293 439 1334 Et
468 1306 596 1346 vcro,
628 1295 670 1336 in
691 1296 853 1348 judicio
881 1297 929 1337 de
954 1296 1079 1338 factis
1100 1297 1352 1350 placitisque

139 1370 356 1419 Socratis,
399 1370 529 1422 major
555 1380 620 1411 est
654 1370 952 1423 Xenophontis
990 1384 1113 1424 quam
1161 1370 1351 1413 Platonis

143 1446 396 1489 auctoritas:
437 1456 545 1486 certe
568 1446 794 1487 cavendum
822 1456 884 1487 est
900 1476 915 1498 ,
937 1460 987 1488 ne
1013 1447 1067 1488 ita
1090 1456 1239 1488 temere
1262 1457 1354 1488 om·

147 1523 215 1566 nia
247 1511 411 1562 Socrati
447 1520 708 1569 tribuamus,
754 1532 859 1571 quae
898 1523 940 1562 in
977 1521 1170 1568 ,Platonis
1207 1521 1244 1562 ei
1282 1520 1356 1561 tri-

147 1598 337 1639 buuntur
373 1593 580 1646 Dialogis.
641 1592 783 1647 Quare
822 1596 908 1637 sint
941 1594 1121 1638 fortasse
1147 1596 1220 1649 qui
1254 1609 1359 1637 con-

150 1674 348 1722 tendant,
374 1671 583 1712 Socratem
611 1666 911 1722 Philosophiae
935 1683 1092 1724 partem
1114 1684 1199 1714 eam
1215 1703 1229 1724 ‚
1251 1683 1360 1724 quae

152 1758 219 1790 est
243 1748 293 1789 cle
306 1746 552 1788 Animorum
571 1745 886 1786 immortalitate
902 1778 917 1799 ‚
937 1748 1133 1790 intactam
1162 1749 1361 1800 reliquis-

155 1836 222 1875 se,
261 1833 299 1864 et
322 1819 529 1873 quidquid
552 1820 600 1860 de
627 1820 707 1861 hoc
733 1831 979 1873 argumento
1007 1823 1246 1877 disputasse
1269 1835 1362 1876 pcr-

149 1899 370 1949 hibeatur,
405 1898 446 1937 id
480 1905 604 1936 omne
634 1886 824 1938 Platonis
856 1897 1023 1951 ingenio
1049 1899 1204 1942 deberi.
1264 1884 1360 1940 Iloe

148 1986 248 2022 ergo
287 1973 322 2014 si
363 1971 435 2023 qui
468 1971 639 2020 dicant,
671 1970 811 2011 dicant
848 1972 1041 2024 profecto
1064 1974 1223 2026 aliquid
1247 1965 1363 2025 quod

152 2050 289 2102 primo
320 2046 473 2087 obtutu
501 2057 687 2098 magnam
714 2046 800 2088 veri
834 2050 1013 2102 speciem
1051 2050 1197 2090 habere
1227 2049 1366 2089 videa-

153 2130 239 2166 tur.
298 2121 393 2175 Ego
424 2132 560 2163 tamen
594 2134 678 2173 quo
704 2121 844 2164 minus
879 2123 930 2164 iis
955 2125 1179 2175 assentiar,
1214 2126 1366 2165 multae

155 2206 259 2239 sunt
305 2196 654 2249 gravissimaeque
702 2196 901 2239 rationes.
979 2199 1033 2240 Et
1078 2212 1214 2252 primo
1268 2199 1365 2252 qui-

161 2274 281 2322 dem,
313 2281 397 2312 non
423 2280 486 2311 est
512 2271 735 2324 credibile,
766 2269 1070 2325 Philosophum
1087 2303 1100 2326 ‚
1135 2270 1208 2327 qui
1233 2283 1367 2318 totam

161 2346 463 2398 Philosophiae
506 2347 768 2401 disciplinam
806 2348 856 2389 ad
892 2360 1053 2390 morum
1093 2361 1139 2391 ac
1182 2343 1367 2390 Virtutis

167 2423 352 2465 studium
379 2432 640 2473 revocasset,
665 2423 746 2464 hoc
769 2423 857 2478 ejus
879 2422 1193 2467 fundamentum
1213 2453 1228 2477 ,
1251 2423 1371 2476 quod

166 2498 354 2552 positum
388 2506 450 2539 est
493 2494 536 2541 in
569 2498 815 2542 Animorum
848 2500 1186 2555 Immortalitate,
1229 2499 1370 2552 negle-

217 2568 314 2616 Vol.
344 2570 400 2618 II.
838 2573 923 2621 Nn
1281 2570 1371 2616 xia·-
