1693 3110
331 213 416 271 με
613 187 1273 250 P'ARENTALIffi

340 339 396 387 <eo
414 323 557 379 j-uvari
576 323 807 366 volentium
822 353 839 376 ,
871 332 1012 365 tantus
1039 324 1089 365 ad
1109 335 1201 365 eum
1223 305 1420 368 numerus
1446 330 1555 369 con⁴

334 402 508 450 flueret,
541 409 589 440 ut
625 399 739 441 brevi
774 408 960 452 tempore
994 400 1260 452 negotiorum
1288 404 1551 452 procuratio*

335 488 389 520 :ne
413 477 688 526 obrueretur3
722 475 879 529 quippe
911 475 982 526 qui
1019 487 1092 527 per
1114 486 1287 518 naturae
1308 488 1405 518 suae
1426 478 1548 519 bene„

335 550 561 599 ficientiam
596 559 636 592 et
661 549 843 603 gratuito
868 550 959 591 aliis
992 562 1157 602 operam
1194 560 1452 604 praestaret,
1482 565 1553 594 ne-

338 639 423 687 que
460 626 658 680 cuiquam
685 626 859 667 honesta
881 627 1038 678 petenti
1063 638 1210 679 negare
1235 636 1306 667 aut
1332 627 1454 668 vellet
1477 636 1551 669 aut

336 712 502 757 posset.
577 702 737 745 Interea
771 703 919 744 amicis
954 716 1047 745 eum
1078 705 1259 747 subinde
1289 706 1555 756 adhortanti-

338 778 453 830 bus,
486 786 532 819 ut
566 790 736 837 uxorem
774 779 942 825 duceret
969 779 1167 833 gentique
1194 793 1294 823 suae
1319 794 1557 836 propagan-

332 835 417 911 :dae
441 867 607 909 operam
640 856 780 897 daret:
829 885 857 906 „
886 855 1000 897 Huic
1035 856 1091 898 rei
1125 865 1329 910 quantum
1357 858 1557 911 satis-test

334 944 506 985 ,operam
539 933 638 974 dant
675 931 804 974 frater
833 942 873 975 et
909 932 981 974 alii
1011 933 1216 987 gentiles:
1247 933 1350 989 mihi
1383 934 1553 987 quidem

332 1007 528 1060 adoptivi
554 1006 630 1048 filii
654 1008 778 1049 multi
802 1017 933 1060 sunt,
950 994 1106 1052 'omnes
1131 1010 1206 1062 hi,
1238 1011 1311 1063 qui
1335 1023 1423 1052 mea
1447 1023 1490 1053 re
1512 1018 1553 1053 et

341 1098 468 1138 opera
508 1094 630 1140 egent
662 1095 702 1127 et
726 1095 931 1128 utuntur:
962 1099 1040 1129 vos
1072 1099 1171 1129 vero
1194 1087 1327 1129 nolite
1348 1099 1412 1130 me
1439 1087 1481 1130 in
1505 1087 1557 1128 il·

331 1161 423 1222 'lam
443 1162 549 1203 vitae
571 1162 855 1204 conditionem
871 1163 1107 1216 includere,
1124 1175 1229 1216 quae
1242 1176 1305 1205 me
1316 1173 1442 1218 cogat
1465 1175 1555 1206 non

343 1238 529 1289 amplius
565 1238 732 1279 civibus
781 1238 914 1291 meis,
957 1240 1030 1280 sed
1072 1239 1175 1280 mihi
1204 1240 1322 1290 soli,
1362 1236 1555 1282 vivere.”

329 1314 502 1369 {Deinde
539 1326 617 1356 suo
650 1314 734 1356 sibi
767 1323 954 1367 tempore
985 1313 1164 1356 Senator
1199 1314 1346 1375 ¹factus
1380 1314 1548 1357 brevem

334 1392 457 1446 pacis
490 1390 677 1432 fructum
712 1392 855 1444 cepit;
898 1390 1054 1433 Gallici
1090 1399 1189 1435 mox
1223 1391 1337 1444 regni
1377 1403 1554 1434 conver-

327 1468 467 1521 ,sione
501 1467 746 1521 ingruente,
789 1466 1022 1509 Helvetiam
1068 1480 1241 1529 quoque
1279 1468 1552 1522 implicante,

344 1545 502 1588 Bernae
538 1557 639 1597 opes
671 1543 889 1597 affligente.
951 1543 1121 1598 Quibus
1153 1546 1203 1586 de
1232 1543 1387 1598 rebus,
1417 1555 1464 1587 ut
1496 1558 1558 1588 re,-

324 1621 457 1671 ⁴centi
493 1621 690 1663 memoria
721 1630 761 1662 et
792 1620 835 1661 in
866 1620 1002 1661 totius
1038 1620 1237 1673 Europae
1262 1620 1356 1661 luce
1392 1621 1555 1673 gestis,

345 1700 482 1742 dicere
516 1711 627 1752 opus
657 1708 745 1739 non
782 1704 862 1739 est.
921 1695 1037 1746 ‚Illud
1066 1708 1154 1737 non
1177 1694 1559 1751 reticendumrhis

346 1779 394 1820 in
424 1775 628 1819 fiuctibus
650 1786 746 1816 cum
771 1772 974 1816 civilibus
1000 1781 1086 1813 tum
1111 1771 1301 1824 bellicis,
1331 1782 1463 1823 quum
1486 1771 1561 1812 Se-

347 1863 473 1896 natus
497 1849 721 1892 Beruensis
754 1848 979 1889 maximum
1006 1856 1045 1887 et
1068 1854 1323 1888 momentum
1350 1855 1391 1885 et
1411 1844 1560 1886 discri-

326 1941 442 1977 ,men
473 1937 613 1978 esset,
646 1925 721 1967 W.
753 1924 889 1965 nostri
921 1922 1041 1964 iidem
1077 1932 1116 1963 et
1145 1919 1420 1963 constantiam
1446 1919 1554 1961 inter

326 2016 532 2049 ,caeteros
566 2002 775 2053 eluxisse,
803 2001 982 2055 ejusque
1011 1998 1258 2041 sententiam
1290 2007 1452 2049 semper
1482 1996 1556 2038 ha·

344 2083 476 2125 bitam
514 2092 604 2123 esse
625 2090 740 2129 eam,
774 2089 878 2129 quae
905 2077 930 2117 a
957 2087 1060 2118 sano
1092 2075 1339 2126 sinceroque
1365 2071 1555 2126 judicio,

346 2171 486 2213 neque
507 2164 712 2208 corrupto
734 2153 819 2194 ulla
841 2152 906 2193 vel
930 2150 1122 2204 propriae
1143 2149 1337 2191 utilitatis
1360 2160 1464 2201 spe,
1491 2151 1557 2191 vei

341 2236 524 2290 partium
565 2231 740 2282 studio,
783 2230 850 2270 vel
884 2237 1151 2290 quocumque
1194 2220 1373 2276 affectu,
1417 2208 1560 2276 profe-

342 2323 412 2358 cta
453 2321 578 2354 esset.
653 2310 716 2352 Ac
762 2305 891 2347 veluti
933 2303 1204 2363 tranquillus
1230 2299 1424 2352 limpidae
1457 2298 1558 2340 fons

348 2405 482 2445 aquae
506 2391 546 2432 in
571 2392 667 2442 ipso
692 2385 826 2429 fundo
852 2382 1061 2437 pellucet,
1092 2390 1218 2432 atque
1242 2378 1354 2431 imag
1350 2378 1440 2418 ines
1459 2387 1558 2428 pro-

346 2470 600 2524 pinquarum
638 2477 772 2506 rerum
821 2463 997 2514 integras
1030 2459 1235 2510 nulloque
1268 2466 1443 2498 tremore
1483 2460 1559 2494 aut

349 2546 454 2593 flatu
476 2544 662 2587 turbatas
694 2539 876 2594 suscipit
899 2550 944 2580 ac
971 2537 1131 2579 reddit:
1162 2536 1222 2578 sic
1244 2535 1370 2590 hujus
1393 2531 1556 2574 animus

1457 2618 1557 2650 stm-
