1693 3110
492 193 1112 245 νῐιιοῑεοΝῙ.γ
1359 209 1417 260 m

183 324 367 370 scientia
399 322 569 366 valeret0-
638 320 933 376 Epistolarum
980 330 1218 365 nostrarum
1252 322 1398 379 vices2

189 400 263 442 diu
286 399 576 451 intermissae,
609 407 703 440 ante
733 409 806 440 sex
842 398 921 439 hos
949 412 1081 442 annos
1115 401 1397 455 instauratae,

187 477 295 520 satis
328 476 570 529 frequentes
596 473 782 517 fuerunt.
842 475 910 516 Ad
937 486 1186 528 postremam
1213 488 1403 526 nostram

189 551 474 605 respondendi
519 549 700 592 officium
747 549 1055 602 desiderantes,
1098 555 1275 606 perculit
1319 570 1404 600 nos

188 628 323 670 tristis
355 628 405 668 de
435 627 526 681 ejus
561 625 684 668 obitu
717 625 920 667 nuntius:
966 626 1091 679 isque
1119 638 1158 670 et
1192 641 1240 672 eo
1273 633 1404 685 magis

187 703 466 756 inopinatus,
500 703 615 756 quod
640 703 805 755 aliquot
837 712 932 745 ante
967 716 1131 746 menses
1167 717 1259 748 eum
1295 710 1408 762 opti·

188 789 254 820 me
285 779 422 821 valere
453 790 503 820 ex
546 780 641 832 ipso
679 788 718 820 et
749 778 842 822 aliis
878 792 1240 834 cognoveramus:
1283 795 1325 827 et
1357 800 1407 831 eo

193 855 328 909 magis
370 854 578 907 acerbUS‚
617 855 733 907 quod
775 855 963 908 optimus
1003 858 1095 910 vir,
1138 871 1261 910 quem
1291 860 1409 914 ipsae

188 931 347 975 Musae
396 931 595 974 caedibus
639 931 839 974 civilibus
886 933 1209 988 subtraxerant,
1251 946 1291 979 et
1327 952 1412 979 suo

187 1007 291 1050 sinu
314 1008 610 1049 absconditum
641 1018 931 1062 servaverant,
955 1019 995 1051 et
1019 1012 1197 1053 sanitate
1216 1014 1412 1068 corporis

187 1085 240 1127 ad
270 1084 420 1137 longae
454 1097 572 1138 spem
598 1084 708 1128 vitae
733 1085 1004 1129 confirmasse
1030 1088 1309 1142 videbantur,
1341 1092 1407 1134 in·

183 1170 429 1214 exspectato
468 1161 631 1215 hepatis
670 1162 820 1204 morbo
856 1163 983 1205 nobis
1019 1174 1188 1217 ereptus
1229 1178 1318 1210 est:
1367 1178 1412 1211 et

185 1246 292 1280 tunc
314 1237 499 1289 occidit,
534 1250 664 1290 quum
688 1237 876 1281 fructum
899 1240 1114 1283 doctrinae
1135 1255 1234 1285 suae
1255 1253 1295 1285 et
1316 1245 1408 1298 ipse

187 1313 429 1367 percipere,
461 1323 502 1355 et
534 1314 627 1355 aliis
661 1315 854 1357 docendo
890 1315 1130 1370 impertire,
1160 1321 1403 1373 coepisset:

188 1402 231 1433 et
265 1400 367 1444 post
401 1390 622 1433 diuturnas
656 1392 913 1434 calamitates
944 1394 1128 1446 aliquam
1166 1396 1410 1444 facultatem

188 1476 338 1508 nactus
373 1475 520 1518 esset,
554 1478 637 1518 qua
664 1467 905 1508 adventanti
929 1469 1138 1510 senectuti
1166 1471 1410 1514 subsidium

183 1556 233 1586 ac
255 1544 534 1586 levamentum
561 1541 842 1595 prospiceret.
910 1541 1032 1584 Obiit
1057 1545 1099 1585 d.
1123 1557 1255 1587 xxvii
1282 1548 1408 1600 Apri.

183 1619 239 1661 lis
267 1619 396 1673 hujus
421 1619 548 1670 anni,
575 1621 721 1659 aetatis
746 1620 1101 1673 quinquagesimo
1124 1625 1289 1676 quinto.
1323 1625 1409 1667 Re.

182 1694 312 1747 liquit
338 1694 470 1734 multa
493 1696 894 1736 commentariorum
912 1697 1151 1740 volumina:
1170 1700 1220 1740 de
1236 1701 1407 1744 Palaeo-

183 1770 381 1825 graphia:
415 1771 465 1812 de
488 1770 635 1812 itinere
658 1781 698 1812 et
720 1773 1054 1826 peregrinatione
1079 1786 1156 1816 sua
1181 1788 1252 1827 per
1273 1775 1408 1817 Grae·

181 1847 308 1897 ciam,
324 1846 536 1898 rebusque
558 1859 604 1889 ac
628 1848 914 1889 monumentis
939 1848 1032 1889 ibia
1049 1862 1094 1890 se
1109 1852 1406 1903 repertiszAn-

178 1922 424 1965 notationes
441 1923 483 1965 in
497 1925 734 1976 complures
750 1923 937 1967 Graecos
955 1926 1217 1979 Scriptores:
1250 1929 1405 1970 Excer-

178 2010 253 2055 pta
289 2000 619 2042 adversariorum
647 2000 986 2045 Valesianorum.
1049 2001 1170 2058 Quae
1193 2016 1245 2046 ne
1267 2005 1310 2047 in
1333 2006 1405 2047 he-

182 2077 327 2118 redum
367 2076 562 2119 manibus
597 2087 796 2130 pereant,
828 2077 902 2119 sed
937 2077 1114 2130 publico
1144 2080 1239 2120 usui
1269 2081 1408 2122 vindi·

181 2162 356 2194 centur:
392 2162 432 2194 et
466 2164 510 2194 ut
544 2152 654 2195 vitae
689 2154 903 2205 rebusque
938 2154 1048 2205 viri,
1082 2156 1156 2207 qui
1186 2155 1405 2198 doctrinae

183 2237 227 2270 et
262 2229 437 2270 virtutis
482 2241 632 2273 caussa
670 2230 867 2284 plurimis
903 2240 944 2273 et
981 2231 1149 2274 civibus
1181 2242 1222 2273 et
1254 2234 1406 2275 exteris

180 2302 336 2345 flebilis
358 2305 543 2356 occidit,
576 2306 761 2359 scriptor
789 2306 943 2348 doctus
979 2319 1027 2348 ac
1060 2307 1244 2348 disertus
1266 2307 1407 2348 obtin-

183 2391 277 2432 gat:
313 2379 355 2420 id
380 2392 480 2421 vero
511 2382 775 2423 vehementer
799 2391 1013 2434 optamus.
1074 2383 1139 2424 De
1163 2384 1289 2425 rebus
1311 2384 1404 2437 ejus

183 2465 226 2495 et
250 2455 452 2507 scriptis,
483 2458 619 2500 adhuc
644 2461 745 2502 vivo
771 2459 897 2512 ipso,
929 2460 1116 2512 prodidit
1141 2461 1292 2503 Saxius
1325 2474 1405 2502 no·

187 2546 276 2577 ster
308 2537 351 2578 in
382 2536 660 2581 Onomastico
700 2541 909 2585 Litetario
938 2542 1058 2586 Parte
1082 2542 1201 2587 vul.
1246 2557 1289 2598 p.
1309 2545 1405 2597 381.

188 2634 246 2646 -·
272 2614 360 2659 Ao.
400 2614 679 2662 MDCCCV.
1302 2680 1343 2726 D
1372 2679 1410 2723 E
