1693 3110
393 147 727 199 PHAEDONIS
776 150 933 199 PLAT
942 154 1027 202 ΟΝ
1030 156 1129 202 ICI.
1314 166 1395 211 103

183 277 235 321 tte
272 286 359 328 quo
394 276 586 319 videatur
621 261 837 315 Fabricius
875 274 989 318 Bibl.
1026 278 1106 319 Gr.
1143 277 1243 324 voi.
1267 279 1400 332 vm,

179 364 228 406 p,
254 363 363 405 522,
393 360 433 393 et
463 354 553 401 ῙΧ,
583 362 629 402 p.
654 350 751 401 362.
819 347 1086 396 Consulatur
1125 352 1246 394 etiam
1281 355 1400 396 Cud-

180 427 405 475 worthus,
439 436 477 466 et
513 426 563 467 ad
597 435 691 464 eum
732 422 1004 467 Moshemius
1044 413 1225 479 system.
1258 429 1399 472 intell,

180 499 239 546 T.
266 506 301 544 l.
332 515 377 555 p.
406 503 503 555 368.
566 498 735 552 Quare,
765 498 800 538 si
839 499 935 549 quis
970 500 1049 541 hoc
1087 511 1249 554 teneat,
1298 503 1402 544 Ani-

178 588 267 619 mae
294 574 571 617 substantiam
604 578 766 625 semper
792 583 831 613 et
857 573 993 615 fuisse
1015 586 1055 616 et
1081 577 1122 617 in
1149 590 1267 620 motu
1293 578 1401 620 fuis*

179 663 248 703 se,
276 661 451 700 eamque
475 649 498 690 a
520 648 611 690 Deo
635 660 721 691 non
746 660 794 690 ex
818 649 956 690 nihilo
975 660 1149 691 creatam
1168 681 1183 702 ‚
1212 654 1283 693 sed
1311 665 1403 695 tan-

180 718 406 766 tummodo*
446 725 748 766 conformatam
775 736 893 777 esse,
925 724 961 766 is
985 725 1099 768 haud
1118 739 1236 780 aegre
1263 729 1404 771 Plato-

180 811 274 843 nem
300 800 323 841 a
348 798 645 853 repugnantiae
670 798 844 841 crimine
870 801 1081 843 absolvet.
1135 802 1252 855 Ergo
1276 817 1403 856 appa..

181 885 274 928 ret,
305 886 434 917 totam
469 876 574 916 hanc
601 875 643 916 in
668 875 855 917 Phaedro
881 877 1111 929 expositam
1141 878 1404 921 demonstra-

184 948 341 993 tionem
377 963 521 1004 parum
553 950 700 991 habere
724 950 932 992 firmitatis
952 981 967 1003 ‚
998 952 1081 992 nist
1111 952 1146 994 si
1180 966 1277 995 cum
1308 954 1404 997 aliis
1455 952 1463 957 “

178 1027 346 1081 placitis
377 1027 418 1068 in
452 1027 626 1068 Timaeo
662 1027 870 1080 expositis
906 1027 1206 1080 conjungatur.
1281 1030 1408 1071 Plato-

179 1103 347 1155 quidem
399 1114 484 1144 eam
517 1111 663 1156 postea
711 1115 798 1143 non
846 1103 1051 1143 assumsit
1087 1103 1128 1143 in
1166 1102 1399 1146 Phaedone,

176 1178 398 1221 Caeterum
435 1187 600 1231 poterat
635 1176 717 1218 alia
744 1176 932 1228 ratione,
964 1190 1012 1218 ex
1043 1177 1116 1220 illa
1147 1180 1404 1232 proprietate

185 1262 226 1295 et
259 1254 456 1296 facultate
488 1253 666 1294 Animae
701 1252 901 1304 seipsam
928 1253 1150 1305 movendi,
1182 1267 1403 1308 argumen-

183 1338 273 1372 tum
299 1329 396 1370 duci
423 1328 595 1370 minime
616 1328 999 1379 contemnendum,
1034 1342 1119 1381 quo
1146 1330 1402 1384 efficeretur,

180 1405 375 1449 Animam
416 1417 501 1446 non
535 1416 625 1445 esse
659 1415 887 1455 corporeae
922 1415 1123 1457 naturae,
1154 1405 1286 1459 igitur
1306 1420 1402 1448 cor-

176 1472 378 1534 ruptione
399 1479 764 1531 dissolutioneque
786 1478 969 1530 partium
997 1493 1084 1521 non
1109 1481 1275 1523 interire
1331 1483 1402 1524 Ii-

180 1568 264 1609 que
284 1557 368 1610 egit
390 1568 517 1599 senex
542 1555 583 1596 in
606 1553 762 1607 Leg.X
782 1583 796 1604 ,
828 1566 871 1605 p.
900 1556 1010 1607 663,
1042 1556 1107 1607 C,
1126 1581 1176 1588 --
1193 1561 1275 1609 669
1291 1588 1306 1610 ,
1331 1559 1367 1600 C
1383 1589 1401 1611 ,

185 1632 261 1673 ubi
287 1631 432 1672 Animi
476 1641 516 1672 et
542 1627 747 1681 Corporis
784 1638 954 1671 naturas
989 1631 1110 1683 plane
1140 1632 1324 1675 diversas
1360 1644 1402 1676 et

182 1707 414 1750 contrarias
441 1719 532 1748 esse
552 1706 761 1757 ostendit,
779 1704 896 1745 illum
920 1707 1084 1757 propria
1110 1721 1185 1749 sua
1210 1720 1246 1749 et
1273 1712 1402 1751 inter-

178 1795 232 1825 na
255 1782 296 1825 vi
318 1794 365 1823 se
398 1794 561 1822 movere
578 1811 593 1832 ,
618 1781 805 1822 actiones
840 1793 936 1821 suas
961 1781 1141 1834 effice-xe,
1172 1785 1402 1836 cogitatio·

177 1866 285 1910 nes,
329 1858 598 1907 voluntates,
647 1857 989 1909 recordationes,
1037 1861 1202 1913 studia,
1247 1875 1401 1914 caras,

176 1946 343 1985 mores,
367 1933 724 1975 consuetudines:
756 1933 928 1985 Corpus
963 1936 1225 1978 extrinsecus
1258 1951 1401 1979 move.

175 2009 241 2061 ri,
274 2021 457 2060 suasque
480 2010 735 2050 mutationes
753 2008 801 2049 ab
828 1997 957 2050 aliena
983 2010 1022 2050 vi
1042 2012 1244 2064 accipere.
1289 2002 1414 2055 Nam⁴

177 2089 310 2137 quum
328 2085 370 2125 in
396 2084 677 2138 Corporibus
706 2086 960 2127 mutationes
985 2089 1187 2129 exsistant
1211 2091 1408 2131 certisle·

181 2159 306 2212 gibus
345 2158 541 2212 pOnderis
576 2172 623 2201 ac
649 2159 823 2211 motata,
856 2171 895 2203 et
926 2160 1011 2203 fere
1040 2154 1287 2207 necessitate
1320 2178 1406 2208 ma-

179 2233 326 2275 chinae
345 2249 358 2284 3
379 2235 525 2276 Anima
544 2265 557 2287 9
588 2236 797 2287 siquidem
824 2237 878 2277 sit
902 2249 1131 2290 corporea,
1166 2252 1288 2292 quam
1312 2254 1405 2295 par-

182 2317 263 2349 tem
291 2309 494 2350 libertatis
520 2311 702 2365 >habeat,
737 2312 915 2363 intelligi
947 2314 1108 2364 nequit.

236 2384 456 2425 Decimum
493 2385 544 2426 de
580 2385 817 2439 Republica
849 2387 1001 2430 librum
1036 2388 1155 2433 Plato
1190 2391 1408 2433 concludit
1470 2419 1608 2458 Arge„

181 2458 418 2502 narratione
443 2458 607 2502 fabulae
639 2464 688 2503 de
722 2462 832 2503 Here
862 2467 1041 2514 quodam
1070 2466 1302 2518 Armenio,
1334 2468 1408 2518 qui
1429 2463 1516 2503 Rep.
1536 2461 1575 2494 Χ·

181 2546 231 2579 ex
257 2544 389 2576 morte
411 2533 452 2576 in
477 2535 604 2577 vitani
631 2536 851 2587 rediisset,
878 2550 924 2579 ac
949 2529 997 2580 de
1020 2541 1213 2593 praemiis
1237 2543 1408 2596 poenis-

196 2607 200 2612 “
771 2610 813 2653 G
844 2622 869 2665 5
1328 2629 1411 2670 que
