1693 3110
332 199 410 242 DE
438 191 951 242 IMMORTALITATE
983 192 1175 241 ANIMI.
1256 204 1363 252 ‘595

147 318 422 362 obducuntur
457 333 477 362 a
520 329 600 362 suo
643 332 830 373 quaeque
877 319 1017 362 Genio
1050 320 1094 362 in
1137 319 1356 372 Corpora,
1376 324 1527 400 {facttum

153 396 276 446 prius
313 404 523 449 permeant
557 396 712 439 Lethes
745 406 935 446 campum
974 408 1019 437 ac
1056 396 1356 447 ssuvium‚‚ex
1395 402 1400 406 ”
1464 387 1488 404 “““

147 481 239 521 quo
280 482 329 513 ut
366 473 496 526 magis
532 471 725 514 minusve
757 471 984 522 biberunt,
1016 472 1072 512 ita
1093 483 1224 512 rerum
1262 481 1357 514 ante

149 556 334 588 acrarum
370 548 605 590 memoriam
642 550 858 588 amittunt.
927 545 1020 587 Nec
1054 558 1151 588 vero
1191 555 1356 589 tantum

148 619 367 664 hominum
392 624 500 666 vitas
524 623 603 666 sibi
627 624 787 676 eligunt
814 621 1015 672 Animae,
1039 623 1110 663 sed
1135 621 1356 664 brutorum

146 708 334 749 quoquc.
380 698 542 741 Genius
563 708 697 740 autem
724 711 826 739 suus
849 697 1003 749 cuique
1022 707 1257 750 permanet,
1280 710 1356 739 cu-

140 783 237 814 stos
270 784 309 814 et
339 773 509 816 effector
539 786 677 816 earum
713 785 875 825 rerum,
911 785 1018 825 quae
1050 775 1094 815 in
1123 776 1236 817 nov&
1264 773 1355 816 vita

135 850 372 890 constituta
399 848 546 890 sunt.’'

193 923 261 966 Ex
282 923 488 966 Phaedro:
540 950 566 975 ,‚
598 923 747 966 Anima
785 923 936 965 similis
969 933 1032 967 est
1068 933 1242 968 naturae
1263 926 1346 969 ala—

137 1004 230 1050 tae,
262 1010 367 1050 quae
405 1009 570 1040 constat
605 1000 749 1052 auriga
775 1009 815 1041 et
839 998 1007 1041 duobus
1033 999 1180 1050 equis,
1207 999 1350 1042 melio-

137 1085 180 1115 re
211 1086 257 1115 ac
296 1075 450 1128 peiore.
495 1075 617 1127 (Hae
645 1085 744 1116 sunt
785 1084 866 1116 tres
907 1077 997 1128 ejus
1038 1083 1205 1127 partes;
1239 1074 1349 1116 auri-

131 1161 213 1202 ga,
243 1152 288 1193 τὸ
324 1153 508 1202 λογικὸν,
535 1162 640 1206 pars
677 1150 936 1192 rationalis:
978 1151 1103 1202 equi,
1140 1159 1250 1205 pars
1282 1152 1346 1191 ir-

130 1225 392 1276 rationalis,
426 1228 469 1269 τὸ
491 1227 663 1276 ἄλογον·
693 1226 862 1276 melior,
896 1225 1014 1275 θυμὸς
1035 1237 1046 1248 ·
1080 1226 1223 1278 prior,
1260 1228 1348 1270 ἐπι·

125 1301 309 1353 θυμία.)
368 1299 591 1354 Quaelibet
627 1299 778 1341 Anima
816 1300 995 1352 pertinet
1030 1301 1080 1341 ad
1100 1300 1269 1342 choram
1295 1305 1343 1343 ae

137 1376 308 1418 tutelam
336 1377 462 1417 unius
492 1388 540 1418 ex
566 1376 757 1418 undecim
787 1375 908 1427 Diis,
941 1376 1013 1428 qui
1043 1377 1085 1417 in
1110 1377 1231 1418 coelo
1250 1388 1345 1418 veru-

131 1459 296 1493 santur.
354 1449 461 1493 Nam
493 1450 623 1493 Vesta
645 1451 760 1493 domi
788 1461 939 1492 manet.
999 1450 1203 1500 Animae,
1237 1463 1343 1503 quae

130 1526 175 1568 in
201 1527 411 1580 cujusque
444 1526 520 1567 Dei
549 1526 682 1568 choro
709 1536 837 1578 sunt,
864 1539 950 1568 non
984 1535 1167 1579 possunt
1192 1536 1338 1568 omnes

126 1602 267 1644 -Deum
305 1615 428 1645 suum
462 1602 626 1653 aequali
661 1603 789 1644 modo
822 1602 964 1654 sequi.
1019 1600 1139 1656 Quae
1171 1603 1338 1653 quidem

124 1679 247 1731 sequi
273 1688 415 1732 potest
435 1709 449 1730 ‚
482 1677 633 1721 extulit
656 1689 784 1730 caput
821 1690 946 1729 supra
971 1677 1077 1719 coeli
1109 1678 1302 1718 verticem
1321 1705 1337 1730 ‚

124 1759 168 1796 et
194 1754 417 1807 conspexit
450 1753 508 1795 ibi
547 1753 746 1796 sinceram
777 1765 1066 1805 aeternamque
1088 1754 1334 1806 veritatem,

124 1839 251 1882 atque
287 1830 516 1872 incolumis
553 1838 689 1871 manet
722 1842 859 1882 usque
882 1831 932 1873 ad
964 1831 1194 1873 secundum
1219 1830 1336 1872 Deo.-

122 1913 214 1947 rum
252 1906 506 1958 circuituum
552 1906 595 1946 in
640 1917 754 1957 quo,
798 1906 833 1947 si
867 1906 1015 1947 iterum
1057 1906 1160 1948 bene
1196 1908 1330 1949 Deum

121 1992 247 2023 suum
269 1991 412 2023 secuta
435 1981 592 2032 fuerit,
625 1989 663 2021 et
687 1981 725 2022 si
750 1980 853 2022 idem
878 1982 1154 2033 sequentibus
1178 1983 1334 2025 circui-

119 2056 239 2098 tibus
277 2069 441 2111 semper
490 2056 660 2108 fecerst,
703 2067 864 2108 semper
909 2056 1135 2099 incolumis
1173 2068 1326 2101 manet.

116 2131 226 2175 Nam
248 2134 292 2176 in
315 2134 531 2175 domicilio
554 2134 629 2174 illo
649 2131 832 2174 sincerae
848 2141 1114 2186 aeternaeque
1137 2135 1336 2177 veritans

116 2208 364 2269 nutriuntur
400 2210 484 2252 alae
529 2219 567 2251 et
602 2209 945 2251 corroborantur.
1005 2209 1082 2251 Sed
1120 2212 1325 2262 Animae,

121 2296 297 2337 quarum
334 2285 431 2337 equi
464 2286 646 2340 aurigam
685 2285 936 2334 turbarunt,
966 2285 1007 2326 in
1032 2295 1175 2326 terram
1211 2288 1323 2328 dela-

120 2358 278 2401 buntur
312 2359 538 2402 fluentibus
574 2360 804 2413 fractisque
834 2361 940 2412 alis,
985 2372 1024 2401 et
1055 2361 1097 2403 in
1131 2365 1322 2414 (orpora

120 2434 441 2487 ingrediuntur,
483 2449 567 2478 non
601 2437 765 2489 quidem
800 2438 1017 2477 brutorum
1051 2439 1215 2487 primo⁹
1247 2437 1321 2478 sed

118 2509 335 2554 hominum
350 2524 365 2564 3
383 2522 564 2555 ceterum
587 2513 630 2556 in
655 2514 766 2556 varia
787 2512 1077 2564 ingrediuntur
1100 2516 1319 2565 Corpora,

723 2587 794 2641 Pp
837 2601 865 2632 2
1238 2598 1320 2641 pro
