1693 3110
317 201 396 244 DE
428 199 940 245 IMMORTALITATE
976 197 1167 243 Annii.
1270 200 1355 256 649

142 321 253 365 libro
288 324 427 365 divine
459 323 638 372 cecinit,
679 325 734 365 ita
774 333 908 365 tamen
952 332 999 379 ut
1041 320 1169 373 magis
1207 320 1354 362 Poetae
1376 312 1545 378 seen-xli·

140 409 264 450 quam
292 398 539 451 Philosophi
567 399 704 441 officio
740 398 997 453 fungeretur.
1057 397 1168 438 Nam
1208 408 1353 439 tracta·
1377 375 1513 460 g{;12,¹<¹¹,⁵

137 474 202 516 vit
240 474 352 516 hunc
388 476 559 526 locum,
603 475 751 527 partim
801 474 971 516 Homeri
1010 475 1238 525 exemplo,
1280 458 1542 526 quiw‘gmu’·

138 548 334 590 similiter
381 549 564 591 Ulissem
606 550 657 591 ad
702 549 866 591 Inferos
903 549 1159 602 deduxerat,
1204 550 1353 601 partim

136 624 239 675 quia
280 624 448 666 materia
490 633 576 667 erat
614 624 924 666 accommodata
972 623 1122 666 Poetae
1170 624 1354 667 consilio

132 707 175 740 et
212 710 454 752 opportuna
499 701 549 743 ad
592 699 777 743 fictionis
814 709 1022 742 ornatum.
1094 701 1263 752 Atque,
1307 709 1354 742 ut

132 773 216 815 hoc
252 775 292 816 in
327 777 426 819 loco
456 776 498 817 in
536 775 684 829 primis
719 775 930 817 Platonem
960 785 1134 817 secutus
1170 784 1263 827 est,
1294 776 1354 818 ita

134 849 230 890 aliis
254 851 362 893 locis
382 851 510 893 alios:
546 850 676 891 veluti
714 849 884 891 Stoicos
908 849 956 890 de
986 849 1137 891 Anima
1164 848 1349 902 Mundi,

133 924 383 979 Georg.lV.
411 939 522 969 220:
552 926 786 978 Epicureos
811 926 853 966 in
866 924 1345 980 Cosmogonia‚Eclog.

128 997 220 1046 vl.
261 1011 300 1042 et
335 1001 425 1045 Fati
465 1001 782 1053 Inferorumque
814 1009 1058 1052 contemtu,
1100 998 1257 1054 Georg.
1290 1001 1345 1045 11.

127 1087 235 1131 490.
295 1076 392 1128 Ipse
419 1089 592 1129 quoque
615 1076 800 1129 fatetur,
829 1087 873 1116 se
896 1075 1077 1117 Athenis
1108 1076 1344 1128 Epicureo-

127 1162 221 1191 rum
257 1151 423 1193 scholas
455 1151 771 1204 frequentasse,
818 1151 861 1193 in
895 1150 1001 1195 Ciri.
1061 1150 1227 1204 Igitur,
1257 1163 1345 1195 non

124 1236 237 1279 puto
263 1227 389 1281 huJus
422 1238 514 1268 esse
549 1225 877 1279 disputationis,
907 1226 1047 1268 locum
1081 1226 1198 1267 illum
1236 1226 1344 1269 sexti

125 1301 326 1344 Aeneidis
358 1300 455 1343 libri
495 1311 737 1352 exponere:-
769 1312 864 1346 cum
898 1299 993 1351 quia
1029 1300 1252 1343 fabulosus
1292 1314 1339 1344 ac

126 1374 324 1430 poeticus
351 1387 446 1426 est,
478 1385 568 1419 tum
602 1374 701 1428 quia
724 1376 812 1429 ejus
837 1375 1075 1420 Platonicae
1110 1388 1248 1429 partes
1270 1389 1342 1419 su-

120 1462 197 1503 pra
219 1448 437 1502 explicitae
477 1458 578 1492 sunt
596 1479 611 1500 ,
643 1459 735 1491 tum
771 1449 865 1501 quia
900 1461 986 1491 non
1010 1450 1218 1502 exipsius
1241 1451 1340 1498 Vir-

117 1525 216 1579 gilii
254 1524 427 1577 proprifi
473 1523 678 1565 sententia
725 1522 992 1575 accipiendus
1030 1534 1110 1566 est.
1183 1525 1336 1579 Neque

118 1613 220 1642 vero
263 1610 570 1643 HORATIUS
608 1598 658 1651 ad
695 1608 845 1639 certam
887 1608 1041 1640 sectam
1078 1599 1219 1642 referri
1263 1603 1331 1643 de·
1354 1615 1525 1654 Horma„-

118 1674 230 1726 bet,
276 1676 414 1717 minus
465 1675 586 1716 etiam
635 1673 686 1715 ad
731 1675 861 1715 solam
911 1674 1189 1727 Epicuream:
1239 1678 1330 1726 vid.

116 1749 217 1793 Lib.
243 1753 274 1793 ῐ.
306 1750 390 1802 Ep.
416 1749 454 1798 Ι,
517 1749 635 1804 Quin
668 1750 793 1792 modo
828 1749 934 1796 hanc
973 1750 1097 1792 modo
1126 1752 1237 1798 illam
1266 1767 1331 1796 se-

116 1826 262 1879 quitur
293 1835 464 1867 sectam.
523 1825 604 1867 Est
641 1825 741 1866 adeo
776 1824 850 1866 ubi
878 1826 928 1867 de
963 1826 1120 1868 Animo
1155 1839 1202 1870 ex
1236 1828 1330 1872 Pla.

119 1901 232 1943 tonis
257 1910 296 1941 et
320 1900 559 1942 Stoicorum
584 1901 777 1942 doctrina
798 1901 1021 1953 loquitur,
1052 1914 1233 1955 eumque
1257 1905 1326 1950 di-

112 1979 239 2020 vinae
261 1976 528 2033 particulam
564 1975 715 2018 Aurae
737 1986 895 2029 vocat,
929 1975 1031 2023 Lib.
1059 1976 1113 2021 ΙΙ.
1145 1977 1235 2022 Sat.
1260 1980 1320 2023 ΙΙ.

113 2065 180 2095 vs·
215 2063 285 2107 79.

112 2160 115 2164 .
165 2127 425 2171 Ovlnnts
464 2128 592 2180 item,
622 2128 718 2170 dum
751 2127 795 2169 in
831 2127 968 2181 Opere
1005 2126 1321 2183 Metamorpho·
1345 2146 1496 2181 Ovidium<

108 2215 244 2255 seon,
276 2205 325 2246 de
356 2205 513 2247 Mundi
534 2204 805 2256 hominisque
828 2202 1030 2255 opificio,
1061 2214 1101 2245 et
1133 2205 1183 2246 de
1215 2207 1322 2251 Ani.

108 2290 273 2321 morum
308 2281 623 2323 immortalitate
639 2279 779 2329 canit,
813 2279 942 2332 magis
967 2288 1009 2322 ut
1032 2280 1155 2321 Poeta
1193 2293 1317 2333 quam

114 2363 163 2396 ut
196 2354 483 2407 Philosophus
527 2355 759 2396 audiendus
801 2364 877 2396 est.
950 2353 1174 2408 Ejusmodi
1211 2357 1317 2406 quid

105 2439 240 2473 exstat
272 2428 315 2471 in
348 2429 443 2483 ipso
477 2430 558 2472 fine
592 2429 767 2481 Operis:
801 2429 937 2472 Parte
973 2440 1114 2472 tamen
1146 2432 1316 2473 meliore

106 2506 188 2549 mci
210 2516 334 2562 super
355 2505 450 2552 alta
472 2508 670 2562 perennis
695 2514 819 2547 astra
844 2508 981 2560 ferar
993 2504 1020 2524 ’²
1037 2519 1054 2548 .·
1085 2506 1199 2560 quod
1233 2506 1318 2552 fere

716 2580 777 2624 Ss
807 2592 833 2634 5
1262 2581 1315 2625 ad
