1693 3110
231 150 313 192 350
595 134 1085 182 EPISTOLA

240 288 268 312 ‚‚
298 258 466 314 inquit,
499 257 668 303 censen’
702 269 768 300 me
804 270 949 302 omnes
977 271 1092 302 meos
1123 260 1256 306 libros
1278 262 1451 317 legere?

240 317 270 389 ζ,
298 348 486 389 magnam
520 335 653 377 habeo
681 334 1007 387 bibliothecam;
1042 350 1147 389 quae
1187 339 1223 381 si
1257 341 1361 383 mihi
1395 342 1455 384 le·

241 442 270 466 „
302 412 432 465 genda
467 421 607 462 esset,
640 411 836 462 mallem,
881 421 926 453 ut
957 411 1208 456 Homericus
1241 414 1458 469 Tiresias,

241 519 269 542 ,‚
299 489 496 542 pauperis
521 490 682 533 domini
704 490 920 543 operarius
946 492 1136 534 rusticus
1175 505 1282 537 esse.
1342 495 1459 536 Sem·

242 595 270 618 ,‚
302 577 375 618 per
411 577 548 608 novos
584 565 716 607 libros
754 579 873 607 emo:
908 578 1054 620 genera
1089 569 1364 622 continuare,
1395 571 1461 614 in-

244 671 273 694 „
301 640 452 685 choata
486 653 609 694 opera
642 641 834 694 partibus
867 643 1064 696 deinceps
1099 646 1352 688 exeuntibus
1388 660 1460 690 ex-⁴>

240 743 268 767 „
299 715 412 767 plere
443 728 598 769 pergo:
631 717 702 759 vix
738 729 869 759 unum
903 726 942 758 et
970 718 1143 763 alterum
1180 719 1262 773 legi
1285 729 1460 775 totum,

243 820 271 843 ,‚
301 803 375 834 nec
413 803 505 834 eum
538 792 620 834 nisi
655 793 904 845 parvulum:
939 804 1123 836 caeteros
1165 794 1299 837 obiter
1321 795 1462 850 inspi-

243 897 271 920 ,‚
301 870 396 920 cio,
438 870 620 912 evolvo:
665 870 727 912 sic
763 870 976 922 vivimus,
1018 880 1058 912 et
1092 879 1227 913 tamen
1265 872 1465 921 habemur

245 974 274 997 „
303 945 480 986 erud-ai:
515 944 649 988 habeo
676 946 888 999 quidquid
909 956 972 988 est
998 946 1270 1001 hujusmodi,
1293 949 1463 1003 Diaria‚

244 1050 272 1074 ‚2
303 1020 640 1075 Ephemerides,
691 1022 943 1065 Menstruos
980 1022 1184 1077 libellos,
1245 1024 1464 1079 Annales,

246 1127 275 1157 ,‚
303 1100 412 1141 Acta
441 1098 673 1152 Literaria‚
703 1098 1016 1152 Biblio’·hecaS‚
1057 1099 1285 1155 Syllogas‚
1329 1102 1465 1144 omni·

246 1201 278 1225 ,.,
307 1185 365 1215 no
393 1185 498 1226 quas
523 1184 676 1217 vocant
701 1175 936 1228 periodicas
962 1176 1150 1219 chartas:
1184 1176 1226 1218 in
1262 1179 1326 1220 his
1347 1189 1463 1223 tuam

245 1277 273 1301 ,‚
303 1248 607 1291 Bibliothecam
633 1250 863 1294 Criticam:
900 1264 1006 1304 quae
1025 1283 1039 1303 ,
1071 1263 1117 1294 ut
1157 1251 1315 1307 fatear,
1346 1256 1467 1299 valde

243 1354 272 1379 „
303 1325 407 1367 mihi
431 1336 495 1368 est
529 1327 734 1380 molesta,
771 1328 886 1380 quod
912 1328 1069 1370 tamdiu
1097 1329 1292 1373 inchoata
1322 1341 1362 1373 et
1387 1332 1468 1375 itu-³

247 1429 276 1453 ‚,
307 1401 491 1454 perfecta
524 1411 690 1443 manet:
723 1401 785 1442 sic
819 1402 922 1443 mihi
956 1416 1030 1457 per
1063 1405 1228 1458 pulpita
1261 1417 1469 1461 vagantur

251 1507 280 1531 „
311 1477 501 1532 singulae
533 1489 700 1531 partes,
732 1488 780 1519 ut
811 1492 933 1533 saepe
965 1492 1032 1523 eas
1072 1482 1307 1534 requiram:
1341 1483 1469 1528 velim

244 1586 273 1612 „
301 1558 468 1599 tandem
506 1558 730 1609 quaternio
771 1558 1015 1599 absolvatur
1041 1589 1056 1611 ,
1098 1560 1242 1600 saltem
1283 1569 1331 1601 ut
1372 1572 1468 1604 eum

246 1665 275 1688 ,.‚
305 1647 395 1676 uno
428 1634 646 1676 volumine
687 1634 913 1687 complecti
952 1634 1165 1688 possim.”
1235 1638 1348 1680 Haec
1377 1638 1467 1686 ille,

244 1711 330 1754 Cui
366 1724 470 1765 ego:
528 1740 554 1762 ‚‚
586 1709 759 1762 Macte,
808 1711 1011 1763 inquam,
1043 1713 1200 1762 virtute
1241 1723 1362 1767 esto,
1394 1715 1472 1767 qui

254 1819 282 1842 „
313 1800 379 1829 me
406 1788 610 1831 diuturno
635 1798 770 1830 errore
797 1787 1015 1840 liberasti,
1047 1790 1163 1842 quod
1186 1791 1322 1833 adhuc
1347 1800 1473 1844 puta-

252 1849 282 1919 ᾗ,
310 1866 355 1907 vi
390 1864 560 1907 eosdem
600 1875 693 1906 esse
728 1875 929 1906 amatores
954 1873 993 1906 et
1033 1865 1211 1907 lectores
1233 1865 1464 1910 librorumz

249 1972 278 1997 ‚‚
307 1953 384 1995 pro
409 1953 498 1994 quo
522 1939 600 1981 tibi
632 1938 837 1981 beneficio
878 1939 984 1981 hanc
1026 1942 1197 1994 gratiam
1234 1942 1469 1995 promitto,

255 2047 283 2072 ,‚
313 2027 362 2058 ut
388 2026 639 2071 postremam
676 2025 831 2069 partem
868 2017 1111 2069 propediem
1155 2018 1302 2071 edam,
1345 2031 1472 2072 quam

253 2123 282 2147 „
312 2103 360 2135 tu
380 2104 477 2135 cum
509 2091 721 2144 prioribus
747 2090 864 2145 vagIS
898 2092 1088 2144 partibus
1112 2091 1156 2134 in
1180 2104 1311 2135 unum
1346 2093 1473 2135 volu-

256 2197 284 2223 „
314 2180 408 2210 men
434 2166 685 2208 concludere
707 2165 902 2220 possis.”
961 2166 1020 2209 Et
1045 2166 1110 2208 hic
1135 2167 1301 2221 quidem
1322 2168 1477 2223 hujus-

252 2244 369 2298 modi
391 2253 491 2287 erat.

311 2320 411 2364 Fuit
432 2320 540 2362 alius
567 2319 642 2371 qui
664 2317 826 2361 facetus
846 2329 938 2361 esse
958 2319 1113 2360 vellet:
1157 2348 1183 2372 ,‚
1214 2319 1476 2376 Quomodo,

262 2428 289 2454 ,‚
318 2398 491 2451 inquit,
523 2398 632 2439 valet
663 2395 852 2450 proxime
886 2396 1038 2438 edenda
1063 2395 1350 2439 Bibliothecae
1379 2396 1475 2438 Cri-

251 2506 284 2535 „
313 2476 418 2521 ticae
439 2475 540 2520 Pars
554 2474 575 2517 2
590 2474 620 2493 ’²
663 2503 691 2532 „
710 2474 914 2519 Nondum
929 2502 948 2530 ‚
975 2474 1145 2530 inquam
1159 2504 1176 2530 ‚
1191 2473 1329 2528 valet,
1349 2471 1474 2525 quip-

1365 2575 1396 2603 π
1421 2556 1481 2603 1³e
