1693 3110
302 199 381 257 DE
409 203 931 257 IMMoRTALITATE
964 201 1154 252 AN1M1.
1253 201 1337 262 σῃ

131 337 187 382 ad
217 341 434 391 personam
467 342 508 376 et
540 330 750 385 ingenium
783 331 906 385 ejus,
955 329 1006 372 ad
1042 341 1165 382 quem
1198 329 1352 373 scribi·
1377 339 1466 388 sect.
1491 338 1533 371 X.

138 419 223 457 tur.
263 414 379 468 Ergo
399 413 442 454 in
468 409 738 453 consolandis
762 406 907 450 amicis
936 406 1161 460 Epicureis
1178 436 1192 458 ,
1224 407 1353 448 ratio·
1377 381 1515 415 emero.

142 491 268 533 nibus
306 491 441 531 utitur
465 499 513 530 ex
539 487 610 528 illa
633 486 778 527 schola
800 483 967 526 ductis:
1002 482 1133 524 veluti
1166 484 1217 525 ad
1242 482 1354 525 Tor-

143 574 316 618 quatum
349 564 430 605 Ad.
464 562 631 604 Divers.
669 559 747 602 VI.
792 572 830 613 3.
896 588 933 610 „
966 557 1051 600 Sed
1078 559 1181 599 hacc
1214 570 1354 600 conso-

136 638 244 682 latio
266 640 369 682 levis
393 647 479 681 est:
509 636 589 679 illa
608 638 818 691 gravior,
846 634 934 691 qud
957 643 998 676 te
1021 635 1088 674 un·
1111 645 1254 689 spero,
1279 644 1351 687 ego

134 724 250 758 certe
279 724 407 757 utor:
438 727 510 757 nec
543 716 682 764 enim,
712 711 809 754 dum
835 725 932 762 cro,
965 724 1108 767 angar
1141 710 1238 752 ulla?
1268 723 1348 762 re,

137 805 231 835 cum
257 794 369 834 omni
390 804 529 835 vacem
554 788 685 846 culpd
698 794 713 830 ἐ
744 797 784 830 et
809 789 844 829 s'i
865 801 947 829 non
968 796 1058 840 ero,
1080 800 1196 830 sensu
1220 792 1352 830 omni-

139 879 192 909 no
226 864 427 910 carebo.”
484 865 548 907 Ita
584 864 635 906 ad
669 863 869 914 eundem,
910 862 1107 915 Epistola
1137 864 1345 917 proxima.

134 942 337 984 Similiter
370 943 420 985 ad
443 941 611 983 Titium
637 939 769 981 utitur
787 938 887 981 not&
913 939 985 980 illa
1011 939 1224 993 disjuncta
1245 953 1347 983 con-

136 1017 358 1068 clusione,
388 1016 446 1059 V.
476 1019 538 1060 16.
570 1039 626 1049 --
665 1046 700 1069 „
732 1017 966 1070 saepissIme
989 1024 1029 1056 ct
1049 1016 1134 1072 legi
1156 1025 1194 1058 et
1222 1019 1348 1060 audi-

131 1094 206 1144 νί,
237 1092 349 1134 m‘htl
385 1092 491 1134 mali
526 1103 607 1133 esse
630 1093 677 1134 in
711 1101 866 1142 morte,
899 1104 951 1133 ex
976 1092 1065 1147 qud
1096 1095 1132 1132 si
1161 1093 1348 1135 residem

135 1179 272 1209 sensus
286 1199 301 1220 ,
326 1167 636 1211 Immortalitas
662 1170 743 1212 illa
759 1172 900 1226 potius
921 1185 1047 1226 quam
1067 1185 1177 1212 mors
1197 1171 1350 1213 ducen-

131 1244 192 1287 da
214 1247 300 1286 sit:
328 1247 393 1286 sin
427 1248 483 1287 sit
518 1249 722 1298 amissas,
754 1246 876 1288 nulla
911 1245 1050 1289 vsden·
1075 1249 1250 1289 miseria
1278 1247 1350 1290 de·

131 1320 252 1372 beat,
284 1334 392 1376 quae
412 1334 492 1362 non
516 1321 781 1363 sentiatur.”

187 1396 262 1442 ΙΙΙ.
296 1397 404 1438 Cum
432 1396 562 1450 igitur
586 1397 808 1439 Ciceronis
836 1398 1041 1440 sententia
1071 1398 1348 1451 Philosophi-

130 1485 180 1515 ca
201 1484 250 1514 ex
277 1472 448 1524 scriptis
476 1473 566 1526 ejus
579 1472 898 1526 Philosopuisis
917 1473 1139 1514 haurienda
1164 1474 1252 1525 εἰη
1278 1487 1351 1515 an-

130 1557 174 1591 te
210 1549 349 1590 omnia
383 1557 578 1589 constare
611 1549 760 1599 debet,
794 1550 910 1600 quod
934 1551 1192 1602 consilium,
1226 1564 1350 1604 quarn

126 1635 314 1675 sectam,
347 1633 520 1666 secutus
548 1625 620 1666 sit.
670 1625 804 1677 Atqui
838 1637 931 1667 eum
968 1625 1104 1668 fuisse
1132 1629 1352 1670 Academi-

133 1713 264 1752 cum,
297 1700 480 1742 dubitari
517 1700 682 1754 nequit.
750 1702 888 1754 Igitur
922 1703 965 1744 in
997 1703 1077 1744 hoc
1111 1705 1351 1748 Academici

135 1789 289 1820 nomen
311 1778 450 1819 statim
475 1777 688 1830 involant,
720 1788 760 1820 et
783 1782 1070 1834 contendunt,
1100 1781 1351 1824 Ciceronem

128 1853 238 1896 nihil
268 1853 444 1895 omnino
471 1854 520 1893 de
547 1854 633 1895 ulla
662 1866 704 1895 re
732 1856 948 1895 statuisse.
1015 1856 1269 1908 Enimvero,
1300 1870 1352 1898 an

133 1929 215 1971 hoc
240 1940 302 1970 est
328 1931 514 1971 omnium
544 1930 889 1971 Academicorum
912 1942 1156 1982 commune,
1188 1932 1238 1974 de
1263 1946 1354 1975 om·

134 2006 262 2048 nibus
302 2005 426 2047 rebus
463 2006 685 2047 dubitare?
745 2008 986 2060 Arcesilas,
1018 2012 1092 2061 qui
1125 2009 1208 2051 fuit
1242 2024 1354 2053 acer-

128 2081 261 2124 rimus
302 2080 543 2132 dubitator,
575 2092 721 2123 contra
760 2082 930 2126 Stoicos
961 2085 1126 2137 quidem
1167 2088 1224 2130 ita
1267 2090 1355 2131 dis—

124 2157 302 2212 putabat
337 2168 383 2199 ut
425 2158 534 2200 nihil
568 2159 726 2212 percipi
757 2173 885 2213 posse
916 2161 1094 2204 diceret:
1134 2165 1254 2206 solus
1292 2176 1354 2206 ta-

133 2245 228 2275 men
253 2245 393 2275 secum
418 2236 574 2288 placita
601 2236 769 2278 tenebat
803 2248 843 2279 et
866 2252 960 2280 cum
986 2240 1210 2293 discipulis
1238 2254 1353 2286 com-

131 2309 403 2353 municabat:
433 2311 518 2354 vid.
552 2311 704 2355 Cicero
736 2315 866 2357 Acad.
890 2314 947 2356 11.
985 2316 1065 2368 18,
1109 2317 1168 2358 ibi
1199 2319 1352 2362 Daris.

136 2396 176 2428 et
198 2384 431 2438 Fragment.
462 2390 574 2439 apud
607 2388 898 2442 Augustinum
931 2391 1092 2436 Contra
1122 2397 1254 2438 Acad.
1279 2398 1351 2441 ΠΙ.

128 2473 184 2505 2:
228 2461 300 2501 cui
340 2463 589 2516 adjungatur
628 2466 780 2508 Sextus
824 2468 985 2520 Empir.
1015 2471 1225 2523 Pyrrhon.
1257 2473 1353 2525 Hy·

130 2544 281 2588 potyp.
317 2535 349 2579 1.
395 2549 461 2591 33.
517 2539 585 2582 Ab
620 2540 700 2583 isre.
736 2542 958 2587 dubitandi
993 2546 1252 2590 vehementis}
1287 2560 1352 2590 se·

1224 2638 1355 2677 quen·
