1693 3110
242 185 324 244 &a
522 176 1177 231 PARENTALtffi

252 307 435 350 sodaleS.
496 299 642 352 Atque
664 298 709 340 hi
743 300 910 353 quidem
949 300 993 344 in
1026 310 1174 344 terram
1201 302 1472 361 eluctanturs',

252 384 347 435 ipse
377 389 476 420 vero
512 375 772 428 aliquamdiu
807 376 991 419 luctatus
1025 377 1335 431 submergitur:
1368 391 1475 433 post-

252 458 378 500 horae
402 452 570 497 circiter
596 453 864 505 quadrantem
886 453 1119 496 extrahitur
1139 463 1330 496 mortuus
1348 485 1364 507 ,
1385 468 1479 504 cer-2

249 540 295 574 te
321 529 460 573 calore
486 539 527 572 et
555 529 710 583 spiritu
738 530 794 573 ita
818 533 886 573 vel
913 531 1123 575 exstincto
1146 532 1212 572 vel
1240 543 1479 589 oppresse„

247 616 297 650 ut
331 606 534 650 omnibus
563 606 759 659 quamvis
786 618 964 659 propere
993 606 1194 648 adhibitis
1222 606 1321 648 artis
1347 606 1480 656 medi-t

245 696 319 728 cae
353 683 545 726 remediis
582 683 825 726 resuscitari
859 695 946 725 non
970 682 1173 736 potuerit.
1234 683 1304 725 Sic
1332 684 1481 728 amisi-t

246 772 343 804 mus
378 759 538 802 bonum
581 759 840 812 discipulum
859 790 875 811 ‚
906 759 1105 802 omnibus
1135 761 1476 813 commendatum¹

244 837 366 881 laude
401 835 659 888 industriae,
691 847 1024 889 progressuum,
1057 835 1362 887 humanitatis,
1393 847 1470 876 co-

243 912 406 966 mitatis
422 943 437 964 ‚
471 920 511 953 et
534 911 647 954 vitae
670 909 936 959 laudabiliter
958 919 1074 951 actae
1089 939 1104 961 ,
1134 910 1244 951 duos
1268 918 1307 951 et
1331 909 1474 962 vigim

240 986 274 1029 ti
298 999 432 1029 annos
458 995 622 1028 natum.
686 985 830 1038 Atque
853 985 934 1026 hoc
962 985 1060 1026 loco
1087 982 1224 1025 facere
1253 995 1342 1025 non
1364 995 1468 1036 pos-

239 1075 418 1115 sumuS‚
462 1062 565 1116 quin
599 1062 839 1116 discipulos
886 1071 1060 1103 nostros
1102 1071 1377 1111 moneamus,
1416 1067 1468 1101 ut

238 1138 285 1180 in
307 1137 501 1191 corporis
531 1136 744 1180 exercitiis
772 1136 852 1178 alia
888 1134 1038 1189 potius
1063 1141 1270 1185 tractent,
1301 1134 1366 1175 vel
1394 1144 1469 1185 pa-

238 1213 435 1258 laestrica
452 1244 467 1266 ,
499 1214 565 1256 vel
595 1214 774 1264 bellica,
799 1211 995 1265 ingenuis
1019 1207 1356 1255 adolescentibus
1380 1220 1470 1250 maz.

235 1289 304 1344 gis
329 1289 478 1331 decora
500 1297 540 1330 et
565 1287 710 1329 utilia:
733 1287 850 1328 istud
878 1294 1014 1328 autem
1039 1285 1260 1333 hibernum
1283 1293 1322 1324 et
1342 1295 1467 1336 prors

240 1376 318 1407 sus
345 1363 546 1418 frigidum
563 1393 578 1416 ,
612 1372 660 1407 ut
683 1371 830 1415 poetae
852 1361 1012 1403 dictum
1040 1370 1219 1411 sequar,
1249 1356 1468 1404 Periculo-,

241 1453 313 1484 sae
336 1441 513 1493 plenum
551 1452 665 1492 opus
702 1440 839 1490 aleae,
873 1450 960 1490 quo
991 1437 1200 1480 inceditur
1227 1446 1301 1488 per
1332 1445 1468 1488 aquas

238 1515 493 1569 subpositas
528 1514 676 1568 glaciei
694 1514 866 1556 dolosae
883 1544 898 1565 ,
929 1513 1022 1555 aliis
1045 1512 1300 1562 relinquant.

291 1589 437 1636 Ἀλλὰ.
467 1590 618 1643 Φόωςδε
640 1592 826 1644 τάχιστοι
855 1591 1035 1640 λιλαίεο,
1069 1589 1093 1631 a
1123 1587 1304 1629 mortuis
1327 1587 1377 1633 ad
1401 1587 1466 1635 viv,

243 1680 323 1710 vos
358 1667 573 1709 redeamus
595 1696 611 1718 ‚
655 1666 784 1721 hujus
817 1666 918 1707 libri
951 1665 1173 1707 editionem
1214 1675 1466 1721 urgeamus3¹¹

236 1753 287 1784 ut
324 1752 441 1785 antea
478 1751 624 1794 exeat,
656 1753 781 1795 quam
807 1740 934 1783 nobis
969 1739 1109 1781 fatalis
1133 1740 1364 1783 necessitas
1387 1751 1472 1786 nos

236 1830 337 1861 vum
369 1817 583 1871 parentale
609 1825 899 1870 argumentum
927 1815 1116 1870 objiciat,

269 1922 272 1926 ›
293 1892 368 1936 XI.
410 1894 470 1935 At
494 1890 632 1934 inanis
657 1892 741 1939 fuit
768 1902 915 1934 nostra
939 1904 1056 1946 spes.
1108 1891 1200 1946 Jam
1223 1891 1331 1933 enim
1357 1889 1468 1934 fata-1

235 1970 290 2014 lis
308 1969 538 2012 necessitas
565 1970 691 2012 nobis
715 1969 863 2012 insciis
888 1981 1044 2012 novum
1069 1977 1359 2021 argumentum
1386 1966 1465 2008 ob«

235 2049 388 2106 jecerat
405 2077 421 2099 ,
453 2058 530 2088 nec
553 2048 926 2100 praetereundum,
959 2055 1000 2089 et
1022 2047 1071 2087 ad
1096 2043 1361 2087 acerbitatem
1382 2044 1459 2085 do-

237 2124 343 2167 loris
377 2135 535 2178 grave,
577 2123 845 2166 amissionem
878 2121 1033 2175 capitis
1072 2122 1116 2162 in
1158 2119 1306 2173 paucis
1342 2119 1460 2177 cari,

238 2200 446 2245 Frederici
476 2199 695 2242 Guilielm1
718 2201 878 2243 Boersii
895 2230 909 2252 ‚
934 2201 984 2242 de
1006 2211 1094 2252 quo
1119 2209 1250 2250 pauca
1273 2196 1459 2238 diximus

240 2274 527 2318 Bibliothecae
552 2275 739 2317 Criticae
762 2275 810 2320 P.
831 2289 880 2319 x1
896 2306 911 2328 ‚
940 2289 982 2328 p.
1005 2274 1221 2327 xx1(*)‚
1246 2284 1319 2313 nec
1344 2282 1461 2317 nune

240 2352 372 2396 multa
391 2361 535 2395 noster
558 2365 637 2393 nos
663 2351 786 2394 dolor
809 2361 848 2394 et
875 2348 1077 2405 temporis
1101 2348 1322 2404 angustiae
1343 2346 1459 2389 dice-

1413 2431 1456 2466 re

280 2524 375 2579 ζ’)
402 2525 557 2579 [Hujus
582 2528 677 2569 Vol„
704 2540 743 2578 pv
771 2530 840 2577 53,
868 2526 957 2576 s.1.]
