1693 3110
305 171 385 215 DE
413 156 931 213 IM'MORTALITATE
961 162 1155 210 ANth.
1269 175 1374 220 533.

136 294 283 344 versi,
315 293 390 344 qui
415 291 619 343 hodieque
645 291 734 344 ejus
760 290 929 331 nomine
957 287 1121 342 fertur,
1152 296 1251 330 sunt
1277 287 1350 338 qui
1371 296 1455 357 sfet.
1475 294 1519 325 n.

140 368 350 412 dubitent.
419 366 530 408 Mihi
569 365 735 417 quidem
774 364 837 405 nil
871 364 914 404 in
949 376 996 405 eo
1033 368 1123 406 esse
1155 363 1350 412 videtur,
1373 333 1581 411 fflfflfiff‘i‘

139 444 253 495 quod
292 444 341 484 ab
387 442 460 484 illa
507 450 636 482 aetate
682 450 722 482 et
763 442 942 492 persona
993 438 1126 480 Oceili
1168 438 1349 480 alienum

123 519 229 569 .sit‚
261 518 439 570 excepta·
462 515 680 557 Dialecto:
719 526 843 564 quam
875 513 910 554 si
935 525 957 554 a
994 513 1221 555 recentiore
1247 524 1355 564 quo-

140 593 236 634 dam
269 591 437 633 homine
465 603 513 632 ex
535 589 692 631 Dorica
721 589 763 630 in
787 601 1052 631 communem
1075 599 1235 630 versam
1262 598 1375 629 esse¹

141 666 361 717 dicamus,
392 667 451 707 nil
483 664 681 718 'profecto
717 664 937 715 dicamus,
969 663 1085 715 quod
1105 675 1128 704 a
1151 661 1373 703 verisimi·.

143 741 319 783 iitudine
342 742 573 783 abhorreat.
633 739 828 783 Ceterum
854 740 903 782 de
930 739 1106 780 Animae
1135 738 1354 779 immorta-

139 816 260 860 litate
293 817 412 857 nulla
449 827 695 869 magnopere
725 824 789 854 est
813 815 856 855 in
881 813 1023 855 libello
1051 814 1233 866 menti03
1268 813 1352 855 nisi

139 889 252 931 forte
274 891 372 942 quis
408 890 552 942 Caput
581 890 809 930 secundum
838 900 933 929 cum
975 889 1071 930 loco
1099 888 1276 929 Philolai
1300 889 1350 930 de

139 962 299 1005 Mundi
333 965 487 1006 Anima
523 975 761 1016 comparare
793 973 833 1005 et
870 964 919 1004 ad
947 964 1026 1004 hoc
1059 973 1351 1016 argumentum

136 1048 335 1091 torquere
373 1040 489 1083 velit.
554 1039 705 1081 Minus
743 1040 907 1091 quidem
940 1039 1147 1088 obscura,
1181 1049 1255 1078 nec
1290 1047 1352 1079 ta-

138 1125 233 1154 men
266 1115 367 1155 satis
395 1115 646 1166 manifesta,
679 1114 806 1168 hujus
833 1114 1061 1155 sententiae
1083 1111 1260 1165 vestigia
1282 1123 1353 1153 ex-

132 1198 248 1230 stant
278 1189 320 1230 in
354 1192 449 1231 loco
481 1191 761 1248 nonwintegro
803 1189 988 1242 ejusdem
1022 1187 1159 1229 Ocelli
1201 1200 1251 1229 ex
1273 1187 1349 1230 Li·

139 1263 219 1304 bro
241 1264 528 1321 deperditode
550 1249 691 1318 Lege:
723 1275 844 1316 quem
874 1265 1012 1304 locum
1041 1263 1221 1304 servavit
1249 1264 1346 1306 Sto·
1367 1299 1371 1306 ,.

137 1337 265 1381 ¹baeus
300 1339 342 1381 in
365 1339 518 1393 Eclog.
547 1340 677 1393 Phys.
710 1340 766 1383 L.
795 1342 829 1383 Ι.
864 1352 907 1393 p.
936 1353 1005 1393 32.
1041 1339 1351 1392 Argumentum

133 1427 182 1458 eo
229 1415 362 1467 redit,
423 1445 449 1468 ‚.,
479 1414 711 1465 Animam,
753 1416 856 1469 quia
897 1425 1059 1469 semper
1101 1422 1348 1467 moveatur,

133 1491 396 1534 Divinitatis
423 1503 504 1531 esse
526 1490 814 1544 participem,
852 1497 892 1528 et
909 1496 1142 1544 propterea
1166 1489 1350 1531 caussae
1374 1528 1376 1530 ,

133 1575 174 1608 et
206 1566 531 1610 Gubernatricis
562 1565 866 1606 auctoritatem
901 1563 1137 1609 obtinere,”

191 1641 473 1683 T1MAEus
517 1651 715 1692 quoquc,
756 1638 953 1690 Locrus,
999 1641 1248 1683 nobilitatus
1284 1652 1346 1684 est
1367 1664 1536 1700 Timaeum

137 1729 234 1760 cum
258 1718 333 1758 sua
359 1716 577 1766 doctrina,
609 1724 699 1756 tum
720 1715 908 1756 Platonis
933 1716 1100 1767 studio,
1133 1717 1205 1768 qui
1228 1717 1345 1760 iilius
1372 1743 1380 1758 -.

129 1792 306 1841 libello,
338 1789 389 1832 dc
415 1790 576 1832 Animd
598 1790 783 1841 Mundi„
818 1803 940 1832 suum
975 1791 1066 1843 ipse
1095 1792 1145 1832 de
1176 1794 1254 1834 hoe
1281 1806 1348 1836 ar·
1375 1826 1378 1832 .
1408 1805 1416 1815 ‘

133 1876 334 1920 gumento
366 1866 591 1919 Dialogum
627 1867 960 1908 accommodavit
993 1879 1039 1907 ac
1069 1853 1233 1909 Timaei
1267 1880 1345 1910 no·
1375 1898 1377 1900 -

131 1943 243 1984 mine
277 1941 509 1994 inscripsit.
577 1942 685 1995 Ejus
715 1941 918 1994 placitum
948 1942 998 1982 de
1034 1942 1199 1984 duabus
1235 1944 1373 1986 Ani->

131 2030 221 2059 mae
247 2017 468 2069 partibus,
512 2017 669 2059 Div1n2i
698 2030 743 2058 ac
783 2016 999 2067 Terrena,
1031 2030 1157 2069 supra
1190 2031 1384 2076 memo-„n

131 2092 350 2144 ravimus,
391 2105 519 2144 quum
564 2093 614 2134 de
662 2091 920 2144 Pythagora·
948 2092 1190 2136 diceremus.
1262 2096 1344 2138 Sed

136 2168 219 2209 hoc
246 2169 427 2219 repetere
446 2167 508 2210 nil
532 2168 694 2209 attinet.
754 2167 868 2208 Illud
891 2166 1061 2208 minime
1085 2171 1344 2220 praetermit-

134 2243 304 2283 tendum
338 2251 429 2294 est,
460 2243 562 2295 quid
598 2242 648 2285 de
680 2245 822 2298 poenis
843 2251 935 2297 post
957 2244 1065 2284 hanc
1090 2247 1222 2287 vitam
1248 2258 1343 2288 sen·

131 2318 248 2361 serit.
320 2316 428 2358 Nam
467 2319 517 2360 de
562 2319 637 2360 hac
673 2319 872 2371 opinione
908 2319 967 2361 ita
1009 2321 1338 2372 pronunciavit,

132 2404 180 2435 ut
206 2406 295 2433 eam
320 2406 398 2432 non
422 2394 506 2447 ipse
519 2404 602 2448 pro
626 2396 734 2436 vera*
756 2393 969 2445 habuisse,
1000 2394 1073 2434 secl
1091 2395 1151 2436 ad
1172 2404 1339 2436 terre-n-

127 2468 199 2514 αἴας
231 2468 361 2514 malos
391 2470 636 2521 iuventam,
681 2479 855 2522 putasse
887 2470 1092 2512 videatur.
1164 2471 1342 2513 Excite-

718 2543 784 2591 Ll
828 2557 850 2600 3
1244 2555 1340 2591 mus
