<?xml version="1.0" encoding="UTF-8"?>
<!DOCTYPE html PUBLIC "-//W3C//DTD XHTML 1.0 Transitional//EN"
    "http://www.w3.org/TR/xhtml1/DTD/xhtml1-transitional.dtd">
<html xmlns="http://www.w3.org/1999/xhtml" xml:lang="en" lang="en">
 <head>
  <title>
</title>
<meta http-equiv="Content-Type" content="text/html;charset=utf-8" />
  <meta name='ocr-system' content='tesseract 3.04.00' />
  <meta name='ocr-capabilities' content='ocr_page ocr_carea ocr_par ocr_line ocrx_word'/>
</head>
<body>
  <div class='ocr_page' id='page_1' title='image "./opusculavariiarg02wytt/opusculavariiarg02wytt_0067.png"; bbox 0 0 1693 3110; ppageno 0'>
   <div class='ocr_carea' id='block_1_1' title="bbox 473 130 1423 193">
    <p class='ocr_par' dir='ltr' id='par_1_1' title="bbox 473 130 1423 193">
     <span class='ocr_line' id='line_1_1' title="bbox 473 130 1423 193; baseline -0.003 -8"><span class='ocrx_word' id='word_1_1' title='bbox 473 140 584 185; x_wconf 84' lang='lat' dir='ltr'><em>AD</em></span> <span class='ocrx_word' id='word_1_2' title='bbox 651 130 1169 183; x_wconf 81' lang='lat' dir='ltr'><strong>BOSCHIUM.</strong></span> <span class='ocrx_word' id='word_1_3' title='bbox 1368 147 1423 193; x_wconf 72' lang='lat'><em>53</em></span> 
     </span>
    </p>
   </div>
   <div class='ocr_carea' id='block_1_2' title="bbox 164 257 1477 2507">
    <p class='ocr_par' dir='ltr' id='par_1_2' title="bbox 164 257 1477 2507">
     <span class='ocr_line' id='line_1_2' title="bbox 206 257 1422 316; baseline -0.003 -13"><span class='ocrx_word' id='word_1_4' title='bbox 206 270 254 303; x_wconf 75' lang='lat' dir='ltr'><em>et</em></span> <span class='ocrx_word' id='word_1_5' title='bbox 275 261 362 314; x_wconf 84' lang='lat' dir='ltr'><em>ejus</em></span> <span class='ocrx_word' id='word_1_6' title='bbox 384 263 471 305; x_wconf 84' lang='lat' dir='ltr'><em>Ars</em></span> <span class='ocrx_word' id='word_1_7' title='bbox 493 261 664 302; x_wconf 84' lang='lat' dir='ltr'><em>Poetica</em></span> <span class='ocrx_word' id='word_1_8' title='bbox 686 260 905 316; x_wconf 82' lang='lat' dir='ltr'><em>loquitur:</em></span> <span class='ocrx_word' id='word_1_9' title='bbox 925 260 1024 314; x_wconf 88' lang='lat' dir='ltr'><em>jam</em></span> <span class='ocrx_word' id='word_1_10' title='bbox 1043 272 1140 304; x_wconf 68' lang='lat' dir='ltr'><em>vero</em></span> <span class='ocrx_word' id='word_1_11' title='bbox 1164 272 1254 301; x_wconf 86' lang='lat' dir='ltr'><em>eum</em></span> <span class='ocrx_word' id='word_1_12' title='bbox 1282 257 1422 301; x_wconf 87' lang='lat' dir='ltr'><em>Grae-</em></span> 
     </span>
     <span class='ocr_line' id='line_1_3' title="bbox 209 334 1427 392; baseline -0.003 -14"><span class='ocrx_word' id='word_1_13' title='bbox 209 339 270 378; x_wconf 83' lang='lat' dir='ltr'><em>cis</em></span> <span class='ocrx_word' id='word_1_14' title='bbox 292 336 455 378; x_wconf 86' lang='lat' dir='ltr'><em>Literis</em></span> <span class='ocrx_word' id='word_1_15' title='bbox 478 351 559 378; x_wconf 86' lang='lat' dir='ltr'><em>non</em></span> <span class='ocrx_word' id='word_1_16' title='bbox 580 337 695 377; x_wconf 84' lang='lat' dir='ltr'><em>modo</em></span> <span class='ocrx_word' id='word_1_17' title='bbox 716 337 928 378; x_wconf 76' lang='lat' dir='ltr'><em>excultum</em></span> <span class='ocrx_word' id='word_1_18' title='bbox 947 367 961 388; x_wconf 89' lang='lat'><em>,</em></span> <span class='ocrx_word' id='word_1_19' title='bbox 993 336 1067 379; x_wconf 84' lang='lat' dir='ltr'><em>sed</em></span> <span class='ocrx_word' id='word_1_20' title='bbox 1087 335 1291 392; x_wconf 87' lang='lat' dir='ltr'><em>repletum</em></span> <span class='ocrx_word' id='word_1_21' title='bbox 1308 334 1427 385; x_wconf 80' lang='lat' dir='ltr'><em>fuis·</em></span> 
     </span>
     <span class='ocr_line' id='line_1_4' title="bbox 209 409 1427 464; baseline -0.002 -11"><span class='ocrx_word' id='word_1_22' title='bbox 209 422 279 463; x_wconf 74' lang='lat' dir='ltr'><em>se,</em></span> <span class='ocrx_word' id='word_1_23' title='bbox 310 421 350 453; x_wconf 88' lang='lat' dir='ltr'><em>et</em></span> <span class='ocrx_word' id='word_1_24' title='bbox 371 421 501 455; x_wconf 87' lang='lat' dir='ltr'><em>totum</em></span> <span class='ocrx_word' id='word_1_25' title='bbox 538 427 565 454; x_wconf 88' lang='lat' dir='ltr'><em>a</em></span> <span class='ocrx_word' id='word_1_26' title='bbox 600 413 765 455; x_wconf 84' lang='lat' dir='ltr'><em>Graeco</em></span> <span class='ocrx_word' id='word_1_27' title='bbox 789 411 915 464; x_wconf 86' lang='lat' dir='ltr'><em>fonte</em></span> <span class='ocrx_word' id='word_1_28' title='bbox 944 425 1162 464; x_wconf 80' lang='lat' dir='ltr'><em>manasse,</em></span> <span class='ocrx_word' id='word_1_29' title='bbox 1195 420 1234 452; x_wconf 86' lang='lat' dir='ltr'><em>et</em></span> <span class='ocrx_word' id='word_1_30' title='bbox 1265 409 1427 464; x_wconf 71' lang='lat' dir='ltr'><em>singuli</em></span> 
     </span>
     <span class='ocr_line' id='line_1_5' title="bbox 206 485 1425 542; baseline -0.003 -12"><span class='ocrx_word' id='word_1_31' title='bbox 206 500 349 530; x_wconf 70' lang='lat' dir='ltr'><em>versus</em></span> <span class='ocrx_word' id='word_1_32' title='bbox 372 497 411 528; x_wconf 93' lang='lat' dir='ltr'><em>et</em></span> <span class='ocrx_word' id='word_1_33' title='bbox 432 497 522 530; x_wconf 86' lang='lat' dir='ltr'><em>tota</em></span> <span class='ocrx_word' id='word_1_34' title='bbox 540 496 739 542; x_wconf 76' lang='lat' dir='ltr'><em>poemata</em></span> <span class='ocrx_word' id='word_1_35' title='bbox 757 486 978 542; x_wconf 80' lang='lat' dir='ltr'><em>produnt:</em></span> <span class='ocrx_word' id='word_1_36' title='bbox 1001 489 1140 540; x_wconf 78' lang='lat' dir='ltr'><em>igitur</em></span> <span class='ocrx_word' id='word_1_37' title='bbox 1155 517 1168 539; x_wconf 89' lang='lat'><em>,</em></span> <span class='ocrx_word' id='word_1_38' title='bbox 1197 496 1244 528; x_wconf 83' lang='lat' dir='ltr'><em>ut</em></span> <span class='ocrx_word' id='word_1_39' title='bbox 1267 490 1313 528; x_wconf 88' lang='lat' dir='ltr'><em>in</em></span> <span class='ocrx_word' id='word_1_40' title='bbox 1338 485 1425 537; x_wconf 68' lang='lat' dir='ltr'><em>:jus</em></span> 
     </span>
     <span class='ocr_line' id='line_1_6' title="bbox 206 560 1477 613; baseline -0.002 -9"><span class='ocrx_word' id='word_1_41' title='bbox 206 562 474 605; x_wconf 74' lang='lat' dir='ltr'><em>Carminibus</em></span> <span class='ocrx_word' id='word_1_42' title='bbox 505 562 807 604; x_wconf 72' lang='lat' dir='ltr'><em>sublimitatem</em></span> <span class='ocrx_word' id='word_1_43' title='bbox 841 570 881 602; x_wconf 89' lang='lat' dir='ltr'><em>et</em></span> <span class='ocrx_word' id='word_1_44' title='bbox 912 560 1201 613; x_wconf 81' lang='lat' dir='ltr'><em>majestatem,</em></span> <span class='ocrx_word' id='word_1_45' title='bbox 1234 564 1278 602; x_wconf 51' lang='grc' dir='ltr'><em>ἔτι</em></span> <span class='ocrx_word' id='word_1_46' title='bbox 1301 563 1418 603; x_wconf 63' lang='lat' dir='ltr'><em>Sati·</em></span> <span class='ocrx_word' id='word_1_47' title='bbox 1475 607 1477 609; x_wconf 56' lang='grc'><strong>,</strong></span> 
     </span>
     <span class='ocr_line' id='line_1_7' title="bbox 206 636 1422 693; baseline -0.002 -14"><span class='ocrx_word' id='word_1_48' title='bbox 206 641 270 679; x_wconf 88' lang='lat' dir='ltr'><em>ris</em></span> <span class='ocrx_word' id='word_1_49' title='bbox 296 646 336 678; x_wconf 90' lang='lat' dir='ltr'><em>et</em></span> <span class='ocrx_word' id='word_1_50' title='bbox 358 636 564 692; x_wconf 79' lang='lat' dir='ltr'><em>Epistolis</em></span> <span class='ocrx_word' id='word_1_51' title='bbox 586 638 838 693; x_wconf 77' lang='lat' dir='ltr'><em>sapientiam</em></span> <span class='ocrx_word' id='word_1_52' title='bbox 863 646 904 678; x_wconf 89' lang='lat' dir='ltr'><em>et</em></span> <span class='ocrx_word' id='word_1_53' title='bbox 928 636 1222 678; x_wconf 76' lang='lat' dir='ltr'><em>urbanita&#39;em</em></span> <span class='ocrx_word' id='word_1_54' title='bbox 1255 651 1390 677; x_wconf 48' lang='lat' dir='ltr'><em>iri-*cr</em></span> <span class='ocrx_word' id='word_1_55' title='bbox 1405 667 1422 688; x_wconf 87' lang='lat'>‚</span> 
     </span>
     <span class='ocr_line' id='line_1_8' title="bbox 203 710 1430 767; baseline -0.002 -14"><span class='ocrx_word' id='word_1_56' title='bbox 203 715 270 753; x_wconf 85' lang='lat' dir='ltr'><em>ita</em></span> <span class='ocrx_word' id='word_1_57' title='bbox 299 712 417 756; x_wconf 72' lang='lat' dir='ltr'><em>video</em></span> <span class='ocrx_word' id='word_1_58' title='bbox 441 713 549 755; x_wconf 79' lang='lat' dir='ltr'><em>unde</em></span> <span class='ocrx_word' id='word_1_59' title='bbox 571 715 674 756; x_wconf 76' lang='lat' dir='ltr'><em>haec</em></span> <span class='ocrx_word' id='word_1_60' title='bbox 692 712 934 767; x_wconf 78' lang='lat' dir='ltr'><em>fluxerint:</em></span> <span class='ocrx_word' id='word_1_61' title='bbox 965 724 1137 767; x_wconf 76' lang='lat' dir='ltr'><em>agnosco</em></span> <span class='ocrx_word' id='word_1_62' title='bbox 1160 715 1206 752; x_wconf 84' lang='lat' dir='ltr'><em>in</em></span> <span class='ocrx_word' id='word_1_63' title='bbox 1230 710 1318 752; x_wconf 72' lang='lat' dir='ltr'><em>iilis</em></span> <span class='ocrx_word' id='word_1_64' title='bbox 1343 713 1430 765; x_wconf 82' lang='lat' dir='ltr'><em>Ly·</em></span> 
     </span>
     <span class='ocr_line' id='line_1_9' title="bbox 206 787 1426 843; baseline -0.003 -13"><span class='ocrx_word' id='word_1_65' title='bbox 206 790 316 830; x_wconf 78' lang='lat' dir='ltr'><em>ricos</em></span> <span class='ocrx_word' id='word_1_66' title='bbox 354 789 566 840; x_wconf 81' lang='lat' dir='ltr'><em>Graecos,</em></span> <span class='ocrx_word' id='word_1_67' title='bbox 606 789 836 840; x_wconf 85' lang='lat' dir='ltr'><em>Alcaeum,</em></span> <span class='ocrx_word' id='word_1_68' title='bbox 880 788 1151 838; x_wconf 73' lang='lat' dir='ltr'><em>Pindarum,</em></span> <span class='ocrx_word' id='word_1_69' title='bbox 1183 787 1426 843; x_wconf 74' lang='lat' dir='ltr'><em>Sappnum:</em></span> 
     </span>
     <span class='ocr_line' id='line_1_10' title="bbox 205 863 1432 915; baseline -0.002 -9"><span class='ocrx_word' id='word_1_70' title='bbox 205 865 253 906; x_wconf 78' lang='lat' dir='ltr'><em>in</em></span> <span class='ocrx_word' id='word_1_71' title='bbox 281 865 346 906; x_wconf 81' lang='lat' dir='ltr'><em>his</em></span> <span class='ocrx_word' id='word_1_72' title='bbox 377 865 641 914; x_wconf 86' lang='lat' dir='ltr'><em>Socraticos,</em></span> <span class='ocrx_word' id='word_1_73' title='bbox 674 864 928 915; x_wconf 73' lang='lat' dir='ltr'><em>Platonem,</em></span> <span class='ocrx_word' id='word_1_74' title='bbox 962 863 1260 914; x_wconf 70' lang='lat' dir='ltr'><em>Aristotelem,</em></span> <span class='ocrx_word' id='word_1_75' title='bbox 1303 863 1432 903; x_wconf 78' lang='lat' dir='ltr'><em>Theo·</em></span> 
     </span>
     <span class='ocr_line' id='line_1_11' title="bbox 201 939 1430 996; baseline -0.001 -15"><span class='ocrx_word' id='word_1_76' title='bbox 201 941 429 996; x_wconf 81' lang='lat' dir='ltr'><em>phrastum</em></span> <span class='ocrx_word' id='word_1_77' title='bbox 444 971 457 991; x_wconf 89' lang='lat'><em>.,</em></span> <span class='ocrx_word' id='word_1_78' title='bbox 479 939 646 981; x_wconf 83' lang='lat' dir='ltr'><em>Bionem</em></span> <span class='ocrx_word' id='word_1_79' title='bbox 662 953 678 980; x_wconf 91' lang='lat'><em>.·</em></span> <span class='ocrx_word' id='word_1_80' title='bbox 702 942 748 981; x_wconf 85' lang='lat' dir='ltr'><em>in</em></span> <span class='ocrx_word' id='word_1_81' title='bbox 771 942 964 996; x_wconf 80' lang='lat' dir='ltr'><em>utrisque</em></span> <span class='ocrx_word' id='word_1_82' title='bbox 985 952 1140 980; x_wconf 88' lang='lat' dir='ltr'><em>omnem</em></span> <span class='ocrx_word' id='word_1_83' title='bbox 1165 939 1430 982; x_wconf 88' lang='lat' dir='ltr'><em>Graecorum</em></span> 
     </span>
     <span class='ocr_line' id='line_1_12' title="bbox 206 1014 1434 1072; baseline -0.001 -15"><span class='ocrx_word' id='word_1_84' title='bbox 206 1015 517 1058; x_wconf 79' lang='lat' dir='ltr'><em>eruditionem:</em></span> <span class='ocrx_word' id='word_1_85' title='bbox 560 1020 653 1072; x_wconf 76' lang='lat' dir='ltr'><em>quis</em></span> <span class='ocrx_word' id='word_1_86' title='bbox 692 1019 800 1058; x_wconf 84' lang='lat' dir='ltr'><em>enim</em></span> <span class='ocrx_word' id='word_1_87' title='bbox 834 1014 959 1068; x_wconf 82' lang='lat' dir='ltr'><em>hujus</em></span> <span class='ocrx_word' id='word_1_88' title='bbox 993 1018 1173 1069; x_wconf 80' lang='lat' dir='ltr'><em>ignarus</em></span> <span class='ocrx_word' id='word_1_89' title='bbox 1202 1015 1434 1056; x_wconf 75' lang='lat' dir='ltr'><em>Horatium-</em></span> 
     </span>
     <span class='ocr_line' id='line_1_13' title="bbox 205 1089 1431 1146; baseline -0.001 -14"><span class='ocrx_word' id='word_1_90' title='bbox 205 1091 464 1146; x_wconf 75' lang='lat' dir='ltr'><em>intelligat?</em></span> <span class='ocrx_word' id='word_1_91' title='bbox 511 1091 585 1133; x_wconf 79' lang='lat' dir='ltr'><em>sed</em></span> <span class='ocrx_word' id='word_1_92' title='bbox 615 1091 867 1132; x_wconf 77' lang='lat' dir='ltr'><em>exercitatio</em></span> <span class='ocrx_word' id='word_1_93' title='bbox 901 1104 951 1131; x_wconf 90' lang='lat' dir='ltr'><em>ac</em></span> <span class='ocrx_word' id='word_1_94' title='bbox 987 1089 1185 1132; x_wconf 84' lang='lat' dir='ltr'><em>doctrina</em></span> <span class='ocrx_word' id='word_1_95' title='bbox 1221 1093 1431 1132; x_wconf 77' lang='lat' dir='ltr'><em>extrinse-</em></span> 
     </span>
     <span class='ocr_line' id='line_1_14' title="bbox 204 1166 1428 1221; baseline 0.001 -15"><span class='ocrx_word' id='word_1_96' title='bbox 204 1178 276 1206; x_wconf 82' lang='lat' dir='ltr'><em>cus</em></span> <span class='ocrx_word' id='word_1_97' title='bbox 298 1169 498 1217; x_wconf 77' lang='lat' dir='ltr'><em>veniunt,</em></span> <span class='ocrx_word' id='word_1_98' title='bbox 529 1168 744 1220; x_wconf 75' lang='lat' dir='ltr'><em>ingenium</em></span> <span class='ocrx_word' id='word_1_99' title='bbox 772 1167 1026 1207; x_wconf 85' lang='lat' dir='ltr'><em>intrinsecus</em></span> <span class='ocrx_word' id='word_1_100' title='bbox 1052 1166 1105 1207; x_wconf 88' lang='lat' dir='ltr'><em>ab</em></span> <span class='ocrx_word' id='word_1_101' title='bbox 1136 1168 1229 1221; x_wconf 84' lang='lat' dir='ltr'><em>ipsa</em></span> <span class='ocrx_word' id='word_1_102' title='bbox 1263 1174 1428 1207; x_wconf 74' lang='lat' dir='ltr'><em>natura</em></span> 
     </span>
     <span class='ocr_line' id='line_1_15' title="bbox 203 1241 1431 1298; baseline 0.002 -17"><span class='ocrx_word' id='word_1_103' title='bbox 203 1241 377 1283; x_wconf 77' lang='lat' dir='ltr'><em>insitum</em></span> <span class='ocrx_word' id='word_1_104' title='bbox 403 1241 543 1282; x_wconf 83' lang='lat' dir='ltr'><em>adesse</em></span> <span class='ocrx_word' id='word_1_105' title='bbox 566 1241 712 1283; x_wconf 83' lang='lat' dir='ltr'><em>debet:</em></span> <span class='ocrx_word' id='word_1_106' title='bbox 741 1242 862 1294; x_wconf 87' lang='lat' dir='ltr'><em>eujus</em></span> <span class='ocrx_word' id='word_1_107' title='bbox 887 1243 970 1283; x_wconf 73' lang='lat' dir='ltr'><em>nisi</em></span> <span class='ocrx_word' id='word_1_108' title='bbox 994 1253 1213 1298; x_wconf 78' lang='lat' dir='ltr'><em>tamquam</em></span> <span class='ocrx_word' id='word_1_109' title='bbox 1237 1244 1339 1296; x_wconf 81' lang='lat' dir='ltr'><em>agri</em></span> <span class='ocrx_word' id='word_1_110' title='bbox 1361 1242 1431 1283; x_wconf 84' lang='lat' dir='ltr'><em>bo-</em></span> 
     </span>
     <span class='ocr_line' id='line_1_16' title="bbox 203 1317 1428 1374; baseline 0.001 -15"><span class='ocrx_word' id='word_1_111' title='bbox 203 1321 319 1360; x_wconf 82' lang='lat' dir='ltr'><em>nitas</em></span> <span class='ocrx_word' id='word_1_112' title='bbox 343 1318 501 1369; x_wconf 81' lang='lat' dir='ltr'><em>subsit,</em></span> <span class='ocrx_word' id='word_1_113' title='bbox 535 1319 861 1359; x_wconf 78' lang='lat' dir='ltr'><em>exercitationis</em></span> <span class='ocrx_word' id='word_1_114' title='bbox 894 1332 944 1359; x_wconf 89' lang='lat' dir='ltr'><em>ac</em></span> <span class='ocrx_word' id='word_1_115' title='bbox 980 1317 1204 1360; x_wconf 86' lang='lat' dir='ltr'><em>doctrinae</em></span> <span class='ocrx_word' id='word_1_116' title='bbox 1234 1320 1428 1374; x_wconf 78' lang='lat' dir='ltr'><em>quamvis</em></span> 
     </span>
     <span class='ocr_line' id='line_1_17' title="bbox 202 1392 1429 1449; baseline 0.001 -15"><span class='ocrx_word' id='word_1_117' title='bbox 202 1393 310 1435; x_wconf 86' lang='lat' dir='ltr'><em>bona</em></span> <span class='ocrx_word' id='word_1_118' title='bbox 331 1395 490 1435; x_wconf 87' lang='lat' dir='ltr'><em>semina</em></span> <span class='ocrx_word' id='word_1_119' title='bbox 501 1394 685 1446; x_wconf 82' lang='lat' dir='ltr'><em>frustra</em></span> <span class='ocrx_word' id='word_1_120' title='bbox 720 1396 766 1435; x_wconf 84' lang='lat' dir='ltr'><em>in</em></span> <span class='ocrx_word' id='word_1_121' title='bbox 791 1407 834 1435; x_wconf 88' lang='lat' dir='ltr'><em>eo</em></span> <span class='ocrx_word' id='word_1_122' title='bbox 857 1403 1086 1445; x_wconf 74' lang='lat' dir='ltr'><em>seruntur,</em></span> <span class='ocrx_word' id='word_1_123' title='bbox 1118 1408 1169 1435; x_wconf 82' lang='lat' dir='ltr'><em>ae</em></span> <span class='ocrx_word' id='word_1_124' title='bbox 1190 1392 1429 1449; x_wconf 70' lang='lat' dir='ltr'><em>pereunt-’²</em></span> 
     </span>
     <span class='ocr_line' id='line_1_18' title="bbox 205 1468 1430 1523; baseline -0.002 -12"><span class='ocrx_word' id='word_1_125' title='bbox 205 1498 234 1522; x_wconf 85' lang='lat'><em>,‚</em></span> <span class='ocrx_word' id='word_1_126' title='bbox 263 1469 399 1511; x_wconf 88' lang='lat' dir='ltr'><em>Plane</em></span> <span class='ocrx_word' id='word_1_127' title='bbox 429 1477 592 1521; x_wconf 85' lang='lat' dir='ltr'><em>tecum,</em></span> <span class='ocrx_word' id='word_1_128' title='bbox 624 1470 798 1523; x_wconf 82' lang='lat' dir='ltr'><em>inquis,</em></span> <span class='ocrx_word' id='word_1_129' title='bbox 831 1473 993 1511; x_wconf 79' lang='lat' dir='ltr'><em>sentio:</em></span> <span class='ocrx_word' id='word_1_130' title='bbox 1033 1468 1150 1510; x_wconf 74' lang='lat' dir='ltr'><em>modo</em></span> <span class='ocrx_word' id='word_1_131' title='bbox 1189 1483 1240 1510; x_wconf 87' lang='lat' dir='ltr'><em>ne</em></span> <span class='ocrx_word' id='word_1_132' title='bbox 1269 1473 1316 1511; x_wconf 83' lang='lat' dir='ltr'><em>in</em></span> <span class='ocrx_word' id='word_1_133' title='bbox 1349 1470 1430 1513; x_wconf 76' lang='lat' dir='ltr'><em>do·</em></span> 
     </span>
     <span class='ocr_line' id='line_1_19' title="bbox 203 1544 1428 1600; baseline 0 -14"><span class='ocrx_word' id='word_1_134' title='bbox 203 1547 372 1586; x_wconf 83' lang='lat' dir='ltr'><em>ctrinae</em></span> <span class='ocrx_word' id='word_1_135' title='bbox 409 1547 703 1586; x_wconf 79' lang='lat' dir='ltr'><em>instrumentis</em></span> <span class='ocrx_word' id='word_1_136' title='bbox 737 1557 927 1586; x_wconf 78' lang='lat' dir='ltr'><em>numeres</em></span> <span class='ocrx_word' id='word_1_137' title='bbox 950 1546 1036 1584; x_wconf 84' lang='lat' dir='ltr'><em>ista</em></span> <span class='ocrx_word' id='word_1_138' title='bbox 1059 1544 1304 1600; x_wconf 82' lang='lat' dir='ltr'><em>compendia</em></span> <span class='ocrx_word' id='word_1_139' title='bbox 1329 1547 1428 1586; x_wconf 72' lang='lat' dir='ltr'><em>rize-</em></span> 
     </span>
     <span class='ocr_line' id='line_1_20' title="bbox 164 1618 1429 1674; baseline 0.001 -13"><span class='ocrx_word' id='word_1_140' title='bbox 164 1634 171 1643; x_wconf 92' lang='lat'>·</span> <span class='ocrx_word' id='word_1_141' title='bbox 203 1621 363 1662; x_wconf 84' lang='lat' dir='ltr'><em>toricae</em></span> <span class='ocrx_word' id='word_1_142' title='bbox 386 1628 426 1659; x_wconf 88' lang='lat' dir='ltr'><em>et</em></span> <span class='ocrx_word' id='word_1_143' title='bbox 444 1620 660 1673; x_wconf 86' lang='lat' dir='ltr'><em>poeticae,</em></span> <span class='ocrx_word' id='word_1_144' title='bbox 693 1632 773 1660; x_wconf 84' lang='lat' dir='ltr'><em>non</em></span> <span class='ocrx_word' id='word_1_145' title='bbox 808 1618 900 1660; x_wconf 85' lang='lat' dir='ltr'><em>dico</em></span> <span class='ocrx_word' id='word_1_146' title='bbox 936 1621 1213 1674; x_wconf 61' lang='lat' dir='ltr'><em>antiquorum</em></span> <span class='ocrx_word' id='word_1_147' title='bbox 1252 1630 1328 1662; x_wconf 83' lang='lat' dir='ltr'><em>aut</em></span> <span class='ocrx_word' id='word_1_148' title='bbox 1365 1620 1429 1662; x_wconf 81' lang='lat' dir='ltr'><em>ad</em></span> 
     </span>
     <span class='ocr_line' id='line_1_21' title="bbox 203 1693 1428 1750; baseline 0.002 -14"><span class='ocrx_word' id='word_1_149' title='bbox 203 1699 428 1750; x_wconf 81' lang='lat' dir='ltr'><em>antiquam</em></span> <span class='ocrx_word' id='word_1_150' title='bbox 458 1695 665 1735; x_wconf 85' lang='lat' dir='ltr'><em>rationem</em></span> <span class='ocrx_word' id='word_1_151' title='bbox 692 1693 964 1735; x_wconf 76' lang='lat' dir='ltr'><em>scribentium</em></span> <span class='ocrx_word' id='word_1_152' title='bbox 980 1725 994 1745; x_wconf 91' lang='lat'><em>,</em></span> <span class='ocrx_word' id='word_1_153' title='bbox 1013 1694 1089 1736; x_wconf 80' lang='lat' dir='ltr'><em>secl</em></span> <span class='ocrx_word' id='word_1_154' title='bbox 1107 1698 1428 1739; x_wconf 76' lang='lat' dir='ltr'><em>novissimorum</em></span> 
     </span>
     <span class='ocr_line' id='line_1_22' title="bbox 190 1768 1425 1825; baseline 0.002 -14"><span class='ocrx_word' id='word_1_155' title='bbox 190 1770 346 1824; x_wconf 86' lang='lat' dir='ltr'><em>jejune</em></span> <span class='ocrx_word' id='word_1_156' title='bbox 376 1780 415 1811; x_wconf 90' lang='lat' dir='ltr'><em>et</em></span> <span class='ocrx_word' id='word_1_157' title='bbox 451 1772 603 1810; x_wconf 83' lang='lat' dir='ltr'><em>misere</em></span> <span class='ocrx_word' id='word_1_158' title='bbox 649 1768 1086 1825; x_wconf 78' lang='lat' dir='ltr'><em>philosophantium.”</em></span> <span class='ocrx_word' id='word_1_159' title='bbox 1163 1801 1190 1824; x_wconf 86' lang='lat'><em>,‚</em></span> <span class='ocrx_word' id='word_1_160' title='bbox 1216 1772 1317 1813; x_wconf 85' lang='lat' dir='ltr'><em>Non</em></span> <span class='ocrx_word' id='word_1_161' title='bbox 1345 1771 1425 1825; x_wconf 85' lang='lat' dir='ltr'><em>fa-</em></span> 
     </span>
     <span class='ocr_line' id='line_1_23' title="bbox 202 1843 1424 1901; baseline 0.002 -14"><span class='ocrx_word' id='word_1_162' title='bbox 202 1848 311 1888; x_wconf 86' lang='lat' dir='ltr'><em>ciam</em></span> <span class='ocrx_word' id='word_1_163' title='bbox 330 1876 344 1897; x_wconf 87' lang='lat'><em>,</em></span> <span class='ocrx_word' id='word_1_164' title='bbox 376 1846 576 1897; x_wconf 80' lang='lat' dir='ltr'><em>inquam3</em></span> <span class='ocrx_word' id='word_1_165' title='bbox 609 1843 726 1886; x_wconf 87' lang='lat' dir='ltr'><em>modo</em></span> <span class='ocrx_word' id='word_1_166' title='bbox 759 1854 806 1887; x_wconf 85' lang='lat' dir='ltr'><em>tu</em></span> <span class='ocrx_word' id='word_1_167' title='bbox 843 1845 949 1888; x_wconf 77' lang='lat' dir='ltr'><em>mihi</em></span> <span class='ocrx_word' id='word_1_168' title='bbox 987 1847 1170 1889; x_wconf 64' lang='lat' dir='ltr'><em>vicissim</em></span> <span class='ocrx_word' id='word_1_169' title='bbox 1201 1848 1424 1901; x_wconf 74' lang='lat' dir='ltr'><em>concedas,</em></span> 
     </span>
     <span class='ocr_line' id='line_1_24' title="bbox 203 1921 1428 1978; baseline 0 -14"><span class='ocrx_word' id='word_1_170' title='bbox 203 1921 404 1976; x_wconf 73' lang='lat' dir='ltr'><em>hodieque</em></span> <span class='ocrx_word' id='word_1_171' title='bbox 426 1921 526 1961; x_wconf 88' lang='lat' dir='ltr'><em>item</em></span> <span class='ocrx_word' id='word_1_172' title='bbox 551 1929 847 1975; x_wconf 82' lang='lat' dir='ltr'><em>comparatum</em></span> <span class='ocrx_word' id='word_1_173' title='bbox 870 1933 951 1962; x_wconf 86' lang='lat' dir='ltr'><em>esse</em></span> <span class='ocrx_word' id='word_1_174' title='bbox 973 1930 1022 1962; x_wconf 87' lang='lat' dir='ltr'><em>ut</em></span> <span class='ocrx_word' id='word_1_175' title='bbox 1059 1924 1326 1978; x_wconf 75' lang='lat' dir='ltr'><em>antiquitus,</em></span> <span class='ocrx_word' id='word_1_176' title='bbox 1359 1938 1428 1964; x_wconf 84' lang='lat' dir='ltr'><em>ne-</em></span> 
     </span>
     <span class='ocr_line' id='line_1_25' title="bbox 202 1996 1430 2054; baseline 0.003 -16"><span class='ocrx_word' id='word_1_177' title='bbox 202 2011 282 2054; x_wconf 81' lang='lat' dir='ltr'><em>que</em></span> <span class='ocrx_word' id='word_1_178' title='bbox 309 2008 426 2054; x_wconf 87' lang='lat' dir='ltr'><em>posse</em></span> <span class='ocrx_word' id='word_1_179' title='bbox 461 2010 708 2052; x_wconf 75' lang='lat' dir='ltr'><em>quemquam</em></span> <span class='ocrx_word' id='word_1_180' title='bbox 750 1996 843 2037; x_wconf 76' lang='lat' dir='ltr'><em>nlla</em></span> <span class='ocrx_word' id='word_1_181' title='bbox 877 1999 924 2037; x_wconf 83' lang='lat' dir='ltr'><em>in</em></span> <span class='ocrx_word' id='word_1_182' title='bbox 956 1997 1215 2040; x_wconf 83' lang='lat' dir='ltr'><em>Literarum</em></span> <span class='ocrx_word' id='word_1_183' title='bbox 1250 2003 1430 2042; x_wconf 81' lang='lat' dir='ltr'><em>scientia</em></span> 
     </span>
     <span class='ocr_line' id='line_1_26' title="bbox 205 2072 1429 2131; baseline 0.003 -17"><span class='ocrx_word' id='word_1_184' title='bbox 205 2082 246 2114; x_wconf 88' lang='lat' dir='ltr'><em>et</em></span> <span class='ocrx_word' id='word_1_185' title='bbox 269 2072 488 2126; x_wconf 86' lang='lat' dir='ltr'><em>facultate</em></span> <span class='ocrx_word' id='word_1_186' title='bbox 522 2085 720 2126; x_wconf 78' lang='lat' dir='ltr'><em>magnum</em></span> <span class='ocrx_word' id='word_1_187' title='bbox 756 2072 940 2113; x_wconf 82' lang='lat' dir='ltr'><em>existere</em></span> <span class='ocrx_word' id='word_1_188' title='bbox 959 2104 973 2125; x_wconf 95' lang='lat'><em>,</em></span> <span class='ocrx_word' id='word_1_189' title='bbox 1019 2088 1093 2115; x_wconf 86' lang='lat' dir='ltr'><em>nee</em></span> <span class='ocrx_word' id='word_1_190' title='bbox 1125 2075 1224 2116; x_wconf 83' lang='lat' dir='ltr'><em>bene</em></span> <span class='ocrx_word' id='word_1_191' title='bbox 1254 2086 1429 2131; x_wconf 80' lang='lat' dir='ltr'><em>prosam</em></span> 
     </span>
     <span class='ocr_line' id='line_1_27' title="bbox 207 2147 1432 2202; baseline 0.003 -13"><span class='ocrx_word' id='word_1_192' title='bbox 207 2147 417 2199; x_wconf 78' lang='lat' dir='ltr'><em>scribere,</em></span> <span class='ocrx_word' id='word_1_193' title='bbox 449 2161 522 2188; x_wconf 86' lang='lat' dir='ltr'><em>nec</em></span> <span class='ocrx_word' id='word_1_194' title='bbox 543 2147 649 2188; x_wconf 82' lang='lat' dir='ltr'><em>bona</em></span> <span class='ocrx_word' id='word_1_195' title='bbox 672 2156 870 2201; x_wconf 79' lang='lat' dir='ltr'><em>poemata</em></span> <span class='ocrx_word' id='word_1_196' title='bbox 902 2158 1117 2202; x_wconf 76' lang='lat' dir='ltr'><em>pangere,</em></span> <span class='ocrx_word' id='word_1_197' title='bbox 1149 2152 1234 2191; x_wconf 85' lang='lat' dir='ltr'><em>nisi</em></span> <span class='ocrx_word' id='word_1_198' title='bbox 1261 2151 1324 2193; x_wconf 81' lang='lat' dir='ltr'><em>ad</em></span> <span class='ocrx_word' id='word_1_199' title='bbox 1354 2165 1432 2193; x_wconf 83' lang='lat' dir='ltr'><em>na·</em></span> 
     </span>
     <span class='ocr_line' id='line_1_28' title="bbox 207 2222 1429 2276; baseline 0.003 -12"><span class='ocrx_word' id='word_1_200' title='bbox 207 2223 394 2264; x_wconf 87' lang='lat' dir='ltr'><em>turalem</em></span> <span class='ocrx_word' id='word_1_201' title='bbox 421 2224 584 2276; x_wconf 77' lang='lat' dir='ltr'><em>ingenii</em></span> <span class='ocrx_word' id='word_1_202' title='bbox 601 2222 870 2275; x_wconf 80' lang='lat' dir='ltr'><em>facilitatem</em></span> <span class='ocrx_word' id='word_1_203' title='bbox 895 2224 1069 2267; x_wconf 82' lang='lat' dir='ltr'><em>accedat</em></span> <span class='ocrx_word' id='word_1_204' title='bbox 1101 2228 1351 2268; x_wconf 84' lang='lat' dir='ltr'><em>exercitatio</em></span> <span class='ocrx_word' id='word_1_205' title='bbox 1386 2237 1429 2268; x_wconf 75' lang='lat' dir='ltr'><em>et</em></span> 
     </span>
     <span class='ocr_line' id='line_1_29' title="bbox 207 2296 1430 2356; baseline 0.003 -17"><span class='ocrx_word' id='word_1_206' title='bbox 207 2298 402 2340; x_wconf 82' lang='lat' dir='ltr'><em>doctrina</em></span> <span class='ocrx_word' id='word_1_207' title='bbox 413 2315 433 2347; x_wconf 84' lang='grc'><em>·,</em></span> <span class='ocrx_word' id='word_1_208' title='bbox 464 2296 514 2337; x_wconf 77' lang='lat' dir='ltr'><em>id</em></span> <span class='ocrx_word' id='word_1_209' title='bbox 533 2306 618 2348; x_wconf 87' lang='lat' dir='ltr'><em>est,</em></span> <span class='ocrx_word' id='word_1_210' title='bbox 649 2306 697 2338; x_wconf 87' lang='lat' dir='ltr'><em>ut</em></span> <span class='ocrx_word' id='word_1_211' title='bbox 724 2298 897 2339; x_wconf 83' lang='lat' dir='ltr'><em>Veteres</em></span> <span class='ocrx_word' id='word_1_212' title='bbox 914 2310 1116 2356; x_wconf 83' lang='lat' dir='ltr'><em>perpetuo</em></span> <span class='ocrx_word' id='word_1_213' title='bbox 1141 2301 1356 2356; x_wconf 76' lang='lat' dir='ltr'><em>legamus,</em></span> <span class='ocrx_word' id='word_1_214' title='bbox 1388 2312 1430 2342; x_wconf 70' lang='lat' dir='ltr'><em>e:</em></span> 
     </span>
     <span class='ocr_line' id='line_1_30' title="bbox 210 2373 1430 2434; baseline 0.003 -19"><span class='ocrx_word' id='word_1_215' title='bbox 210 2383 331 2428; x_wconf 75' lang='lat' dir='ltr'><em>saepe</em></span> <span class='ocrx_word' id='word_1_216' title='bbox 354 2373 612 2427; x_wconf 83' lang='lat' dir='ltr'><em>multumque</em></span> <span class='ocrx_word' id='word_1_217' title='bbox 637 2373 892 2425; x_wconf 79' lang='lat' dir='ltr'><em>scribamus,</em></span> <span class='ocrx_word' id='word_1_218' title='bbox 925 2385 1154 2432; x_wconf 82' lang='lat' dir='ltr'><em>nostraque</em></span> <span class='ocrx_word' id='word_1_219' title='bbox 1178 2382 1344 2434; x_wconf 78' lang='lat' dir='ltr'><em>scripta</em></span> <span class='ocrx_word' id='word_1_220' title='bbox 1369 2392 1430 2419; x_wconf 62' lang='lat'><em>53⁴</em></span> 
     </span>
     <span class='ocr_line' id='line_1_31' title="bbox 205 2448 1430 2507; baseline -0.001 -12"><span class='ocrx_word' id='word_1_221' title='bbox 205 2448 309 2495; x_wconf 70' lang='lat' dir='ltr'><em>detio</em></span> <span class='ocrx_word' id='word_1_222' title='bbox 340 2461 432 2493; x_wconf 73' lang='lat' dir='ltr'><em>cum</em></span> <span class='ocrx_word' id='word_1_223' title='bbox 460 2448 657 2492; x_wconf 81' lang='lat' dir='ltr'><em>Veterum</em></span> <span class='ocrx_word' id='word_1_224' title='bbox 682 2450 851 2504; x_wconf 81' lang='lat' dir='ltr'><em>scriptis</em></span> <span class='ocrx_word' id='word_1_225' title='bbox 871 2461 1158 2507; x_wconf 77' lang='lat' dir='ltr'><em>comparemus</em></span> <span class='ocrx_word' id='word_1_226' title='bbox 1185 2452 1249 2495; x_wconf 83' lang='lat' dir='ltr'><em>ad</em></span> <span class='ocrx_word' id='word_1_227' title='bbox 1267 2467 1430 2495; x_wconf 72' lang='lat' dir='ltr'><em>eorum-</em></span> 
     </span>
    </p>
   </div>
   <div class='ocr_carea' id='block_1_3' title="bbox 786 2524 1430 2585">
    <p class='ocr_par' dir='ltr' id='par_1_3' title="bbox 786 2524 1430 2585">
     <span class='ocr_line' id='line_1_32' title="bbox 786 2524 1430 2585; baseline 0.005 -18"><span class='ocrx_word' id='word_1_228' title='bbox 786 2524 826 2567; x_wconf 93' lang='lat' dir='ltr'>D</span> <span class='ocrx_word' id='word_1_229' title='bbox 859 2536 883 2579; x_wconf 83' lang='lat'><strong>3</strong></span> <span class='ocrx_word' id='word_1_230' title='bbox 1352 2543 1430 2585; x_wconf 67' lang='lat' dir='ltr'><em>qne</em></span> 
     </span>
    </p>
   </div>
  </div>
 </body>
</html>
