1693 3110
436 192 773 242 PHAEDONts
815 190 1162 235 PLATotxttct.
1332 204 1412 248 133

256 321 516 376 Argumenta
541 331 669 367 vcro,
719 313 876 367 quibus
908 313 1063 356 Animo
1101 311 1350 365 simplicitas
1376 322 1418 354 et

193 395 519 448 incorporalitas
561 395 639 448 (τὸ
663 393 851 441 arsafio,
882 393 928 433 τὸ
951 393 1166 441 ἀσώματον
1182 419 1195 439 ,
1225 391 1268 432 τὸ
1291 389 1415 432 αἰτόν·

201 471 342 524 θετον)
375 469 636 518 vindicetur,
658 463 845 518 duplicis
865 474 967 505 sunt
988 465 1171 516 generis:
1190 464 1257 504 vel
1277 464 1418 518 justea

200 543 601 594 demonstrationis,
630 541 698 583 vel
721 540 822 582 huic
844 538 1059 597 proximae
1081 538 1412 592 probabilitatis·

717 694 760 746 ς.
822 690 908 734 tv.

1399 726 1407 748 3

424 848 583 904 Justae
610 846 982 890 demonstrationis
1011 858 1188 889 summa.

260 1002 406 1057 Hujus
431 1002 532 1043 haec
555 1010 619 1043 est
642 1000 793 1043 forma.
854 997 984 1054 Quod
1010 999 1046 1040 si
1069 997 1250 1040 Animus
1271 1011 1423 1052 corpo-

203 1062 292 1120 reae
317 1089 379 1120 est
414 1087 612 1128 naturae,
657 1074 867 1129 Corporis
902 1087 1003 1116 vero
1037 1074 1221 1116 essentia
1258 1083 1427 1116 constat
1455 1130 1457 1133 ι

204 1137 406 1208 qualitate
428 1148 606 1208 partium
631 1163 670 1194 et
695 1152 822 1194 modo
843 1151 1170 1204 compositionis
1185 1182 1200 1202 ‚
1221 1160 1260 1192 et
1281 1164 1330 1193 ex
1351 1152 1430 1193 du·

201 1232 309 1286 plici
333 1232 412 1272 hoc
451 1229 573 1272 fonte
609 1241 754 1272 omnes
788 1227 1032 1281 Corporum
1063 1227 1172 1274 vires
1201 1228 1426 1278 oriuntur,

205 1319 253 1350 ut
275 1309 497 1363 probatum
526 1307 655 1349 estin
680 1305 985 1359 Ontologicis,
1017 1305 1106 1359 Vl,
1138 1317 1220 1359 413
1253 1315 1427 1348 necesse

199 1396 295 1439 est,
329 1385 630 1440 cogitationem
665 1384 799 1436 effici,
830 1393 902 1426 aut
935 1383 1043 1437 ipsis
1080 1383 1302 1437 partibus,
1347 1393 1427 1427 aut.

204 1464 333 1505 modo
355 1461 699 1514 compositionis.
761 1461 957 1517 Quorum
981 1472 1075 1502 cum
1113 1468 1338 1511 utrumque
1364 1472 1424 1500 re-

203 1548 394 1596 pugnet,
425 1538 604 1581 efficitur
635 1540 841 1581 Am'mum
870 1550 952 1580 esse
978 1536 1180 1593 simplicis
1216 1543 1421 1580 naturae.

731 1693 774 1745 §-
835 1694 891 1736 V.

204 1848 524 1893 Demonstrazio
552 1848 717 1903 prioris
731 1847 910 1901 partis,
945 1859 1031 1901 qua
1057 1844 1294 1888 ostenditur
1315 1850 1428 1902 cogi·

280 1927 482 1966 tationem
507 1935 589 1964 non
609 1931 728 1979 posse
750 1922 857 1977 effici
883 1920 1001 1963 modo
1024 1923 1347 1978 compositionis.

263 2075 517 2130 Cogitatio,
550 2085 659 2118 certe
683 2084 748 2117 est
770 2075 949 2117 mutatio
976 2076 1019 2117 in
1046 2076 1221 2120 Animo.
1279 2076 1431 2129 Itaque

208 2152 248 2195 si
268 2153 447 2194 Animus
468 2162 531 2194 est
549 2162 779 2204 corporeus
795 2180 810 2201 ,
841 2150 1045 2203 cogitatio
1067 2152 1146 2194 alia
1168 2151 1218 2193 ab
1241 2151 1322 2194 alia
1341 2163 1430 2196 non

210 2239 356 2281 potest
379 2228 541 2270 differre
562 2229 644 2270 nisi
670 2228 797 2269 modo
826 2228 1153 2279 compositionis
1179 2229 1360 2282 partium
1388 2238 1431 2271 et

213 2305 365 2356 figura.
411 2303 503 2358 jam
527 2316 625 2346 vero
651 2315 781 2356 quum
805 2302 986 2345 Animus
1009 2303 1058 2344 de
1085 2303 1282 2356 pluribus
1307 2304 1434 2345 rebus

216 2383 404 2436 cogitat,
436 2383 559 2425 habet
582 2392 623 2425 et
657 2394 775 2424 suam
798 2381 1101 2423 conscientiam
1120 2412 1135 2433 ,
1167 2391 1207 2423 et
1233 2382 1430 2424 notiones

210 2461 396 2513 plurium
433 2460 728 2512 variarumque
765 2471 932 2510 rerum,
970 2459 1019 2500 de
1057 2458 1214 2511 quibus
1250 2459 1431 2512 cogitat.

211 2536 348 2591 Igitur
380 2543 420 2578 et
457 2536 600 2590 plures
638 2535 857 2588 variasque
889 2535 1044 2589 figuras
1073 2535 1216 2578 eodem
1243 2543 1430 2587 tempore

907 2615 926 2656 l
955 2624 981 2666 3
1360 2612 1431 2652 ha-
