1693 3110
304 186 392 223 112
669 173 1153 220 EPISTULA

314 312 406 342 esse
432 308 714 353 putaverunt,
745 307 784 340 et
809 298 1076 342 Horrearium
1115 308 1157 340 te
1183 311 1256 352 per
1282 300 1527 345 aemulatio&

310 387 402 417 nem
431 388 477 416 ac
504 375 749 415 rzvalitatem
777 375 1014 428 sugiuasse.

368 452 444 493 W.
490 451 671 503 Ineptos
691 450 883 503 profecto
904 453 1011 495 istos
1036 453 1171 496 fuisse
1194 463 1381 507 oportet.

367 529 461 571 PH.
513 530 575 570 Ita
610 527 810 580 fuerunt,
851 540 891 571 et
926 530 1062 572 adhuc
1096 543 1224 573 sunt:
1268 532 1426 583 quibus
1459 541 1527 574 ta-

307 618 405 648 men
433 606 514 647 hoc
534 607 712 647 dandum
738 606 815 646 sit:
845 616 884 646 et
909 605 1035 646 simul
1057 607 1259 648 rationem
1285 606 1433 647 habere
1453 608 1529 648 de-

309 682 384 724 bes
410 683 660 735 prudentum
678 711 694 731 ‚
726 683 798 733 qui
823 682 942 723 multi
975 694 1023 723 ex
1046 682 1116 723 illa
1132 712 1148 732 ‚
1179 683 1222 724 in
1246 682 1345 724 Vita
1369 683 1528 724 Ruhn-

308 759 422 802 kenii
442 789 456 810 ‚
506 759 615 800 facta
652 759 863 800 mentione
903 757 1222 812 Metaphysicae
1266 758 1522 811 Kantianae,

308 843 582 886 exspectant,
625 842 674 874 ut
713 843 825 875 tuam
871 833 920 875 de
966 833 1042 875 hac
1092 834 1339 876 sententiam
1373 835 1528 877 diserte

297 913 470 965 prodas.

367 989 442 1031 W.
489 988 662 1031 Caetera
693 989 804 1030 haud
836 988 927 1030 scio
952 1000 1002 1030 an
1037 999 1132 1029 vere
1157 987 1299 1029 dicas:
1332 987 1434 1029 illud
1456 998 1529 1029 ve-

306 1080 427 1118 reor,
460 1077 507 1109 ut
530 1066 778 1108 Horrearius
803 1075 950 1108 nostra-
968 1065 1197 1118 scriptione
1217 1064 1463 1117 corrigatur.

391 1144 486 1186 PH.
530 1143 621 1185 Aut
648 1143 754 1196 hac,
786 1152 857 1184 aut
885 1142 998 1184 nulla
1021 1142 1100 1183 alia
1131 1139 1364 1193 medicina,
1395 1140 1528 1183 corri-

297 1231 435 1277 getur.

363 1299 439 1340 W.
483 1296 615 1340 Esto:
648 1296 720 1338 sed
743 1294 851 1337 scin’
878 1294 980 1347 quid
1010 1307 1090 1336 vos
1117 1294 1268 1336 velim:
1304 1295 1398 1336 date
1418 1294 1523 1336 mihi

308 1376 454 1418 saltem
490 1375 597 1416 hanc
620 1373 810 1423 veniam,
844 1381 889 1412 ut
917 1383 994 1424 ego
1019 1383 1145 1413 meam
1163 1401 1178 1422 9
1208 1383 1288 1412 vos
1312 1380 1488 1412 vestram
1505 1400 1526 1424 ,

305 1450 517 1494 sermonis
541 1460 698 1502 partem
726 1447 1028 1489 conscribatis:
1051 1448 1221 1499 deinde,
1243 1458 1289 1488 ut
1305 1460 1368 1489 me
1392 1459 1524 1489 meam

305 1527 517 1580 Ly1-.;dcno
551 1525 689 1566 dicare
711 1523 890 1574 sinatis,
920 1524 989 1562 cui
1014 1523 1173 1564 dudum
1198 1523 1357 1575 ahquid
1378 1523 1524 1566 literu-

300 1606 433 1648 larum
459 1602 654 1657 promisi.

358 1681 450 1722 PH.
494 1678 657 1720 Totum
681 1676 959 1728 conscrib-est,
994 1685 1034 1717 et
1058 1684 1194 1718 totum
1220 1673 1432 1729 Lyndeno
1457 1677 1521 1719 di»-

300 1758 435 1801 cabis.
497 1755 640 1805 Atque
662 1753 724 1795 sie
747 1754 928 1803 habeas,
960 1763 1040 1793 nos
1073 1753 1198 1794 nobis
1225 1753 1445 1804 imperium
1473 1755 1518 1796 in

300 1843 342 1874 te
366 1843 618 1885 prorogasse
642 1841 734 1871 eum
762 1830 803 1870 in
828 1830 934 1870 diem
951 1858 966 1880 ,
999 1841 1086 1882 quo
1122 1828 1186 1869 die
1211 1841 1349 1871 sermo
1377 1840 1523 1872 noster

300 1920 419 1952 totus
443 1909 583 1950 editus
612 1905 829 1960 prodierit.

360 1985 437 2028 W.
480 1984 560 2026 Sed
583 1983 733 2025 dubito
755 1995 807 2024 an
832 1990 971 2024 vestra
998 1993 1171 2034 meaque
1194 1980 1304 2024 dicta
1329 1981 1521 2023 recorda-

299 2062 334 2106 ri
359 2061 497 2103 omnia
524 2059 701 2112 possim.

356 2136 450 2178 ΡΗ.
494 2135 539 2176 Si
586 2136 688 2187 quid
731 2134 894 2177 oblitus
926 2133 1087 2186 fueris,
1131 2147 1210 2177 nos
1245 2143 1286 2176 te
1332 2135 1528 2177 monebi-

303 2224 429 2264 mus,
471 2211 711 2265 propediem
747 2214 799 2254 ad
834 2222 874 2254 te
913 2211 1086 2253 redituri
1123 2222 1162 2253 et
1199 2223 1376 2265 pensum
1428 2225 1523 2255 exa·

291 2294 422 2337 etuti.

359 2369 434 2410 W.
468 2368 582 2421 Ergo
607 2369 710 2410 mihi
740 2369 945 2422 optimum
973 2368 1082 2421 erit⁹
1104 2370 1312 2421 sapientes
1339 2370 1521 2423 imitari,

309 2457 419 2498 quos
444 2446 815 2500 ajunt—libertatem
840 2447 885 2490 in
909 2459 1074 2491 summa
1098 2448 1299 2490 servitute
1320 2449 1521 2498 retinere,

1463 2523 1518 2565 E.
