1693 3110
421 189 531 233 AD
595 183 1121 234 Hausnmm,
1328 186 1390 247 35ss

172 312 326 355 elone'm'
357 312 571 355 tenemu50'
616 310 760 354 Veluti
787 311 835 351 in
863 309 1113 364 Medicina,
1148 310 1386 371 Jurispru-

174 393 350 445 dentia,
381 388 509 448 atque?
536 390 636 432 adeo
658 390 704 430 in
730 389 982 443 Theologia,
1011 400 1060 431 ut
1083 392 1184 433 item
1215 394 1262 433 in
1281 391 1385 434 Phi-

171 470 354 526 losophia
389 467 549 510 multae
585 465 772 521 deinceps
800 465 987 518 fuerunt
1020 477 1187 509 sectae:
1223 472 1260 510 si
1295 471 1391 526 quis

172 546 338 600 igitur,
369 552 418 585 ut
457 542 532 583 hoc'
564 549 669 583 utar
688 571 703 593 ,
746 542 792 582 in
824 540 1076 594 Medicina,
1115 547 1392 588 recentissimi

173 619 358 672 alicujus
386 621 435 659 εἴ
448 617 832 672 famigeratissimi
864 619 1017 661 medici
1039 620 1274 662 methodum
1298 625 1394 664 amd

166 693 344 749 plexus,
375 694 486 735 hanc
509 693 639 735 solam
662 693 831 735 dictitet
852 708 998 738 veram
1015 725 1030 747 2
1061 696 1251 752 reliquas
1273 699 1395 752 igno·-

180 777 249 810 ret
286 777 326 810 et
359 777 624 820 contemnat,
663 770 699 809 is
732 770 896 826 ineptus
930 783 1032 813 sane
1067 773 1124 812 sit
1156 779 1197 811 ct
1231 785 1260 812 a
1283 782 1396 828 pru·

179 845 440 888 dentioribus
466 846 681 889 rideatur.
733 846 832 903 Ipsa
862 861 1049 903 quaeque
1075 847 1273 890 doctrina
1304 862 1396 890 ma-

176 931 249 964 net
263 935 278 962 .·
306 932 442 964 sectae
465 931 702 964 nascuntur
719 931 760 963 et
778 931 960 977 pereunt
983 931 1032 963 ut
1049 923 1250 966 homines.
1310 924 1396 966 Re-

174 1007 243 1039 cte
266 998 337 1039 ille
357 1007 397 1040 et
417 1006 529 1040 vere.
576 1000 638 1039 lta
652 995 737 1037 fuit
752 1028 764 1048 ,
780 996 837 1037 ita
859 1005 899 1037 et
921 1009 1035 1038 nunc
1059 1009 1151 1038 esse
1171 998 1362 1040 videmus
1377 1029 1395 1051 ,

178 1073 236 1116 ita
257 1075 353 1117 erit.
412 1074 585 1127 Semper
616 1072 820 1115 novitatis
846 1072 993 1125 cupidi
1025 1083 1147 1114 erunt
1179 1073 1392 1116 homines,

172 1152 238 1196 Et
264 1152 380 1206 quod
405 1153 453 1193 de
474 1151 634 1193 musica
655 1151 762 1192 dixit
784 1150 1025 1203 Homerus,
1058 1150 1142 1194 Od.
1179 1153 1250 1204 A,
1285 1161 1362 1207 351
1380 1165 1395 1196 ε

258 1274 352 1324 Τῆν
377 1275 459 1329 γὰρ
487 1275 618 1326 ἀοιδὴν
646 1277 804 1327 μᾶλλον
835 1274 1076 1319 ἕπὶκλείουο·’
1094 1274 1309 1329 ἄνθρωποι,

257 1349 378 1403 ‘Hm-
406 1353 652 1397 ἀκουόντεσσι
681 1354 856 1402 νεωτάτη
885 1353 1190 1407 imminutas.

176 1466 276 1511 item
300 1467 350 1509 de
383 1466 477 1509 aliis
513 1465 623 1507 valet
658 1463 844 1516 studiis,
874 1466 985 1507 valet
1016 1466 1065 1506 de
1089 1466 1399 1521 philosophia,

183 1557 305 1598 quam
330 1544 449 1586 Plato
478 1553 625 1586 noster
648 1544 902 1590 τελειοτάτην
930 1544 1122 1594 μουσικὴν
1153 1544 1398 1595 appellavit.

181 1619 305 1675 Quot
345 1629 608 1671 quantaeque
638 1617 813 1659 fuerunt
843 1602 885 1658 in
917 1616 1175 1660 Graecorum
1210 1620 1405 1672 philoso-

187 1695 288 1749 phia
311 1705 517 1737 sectarum
539 1692 790 1735 varietates?
818 1690 938 1747 Quot
959 1702 1222 1745 quantaeque
1241 1695 1282 1735 in
1302 1707 1407 1747 qua-2

185 1772 252 1815 vis
276 1780 391 1813 secta
427 1781 562 1812 novae
591 1778 755 1819 sectae,
787 1777 999 1820 tamquam
1037 1779 1087 1810 ex
1126 1770 1280 1824 majore
1309 1770 1405 1813 rivo

190 1847 374 1891 minores
417 1843 579 1886 rivuli?
621 1844 782 1885 Harum
816 1843 934 1885 nulla
970 1843 1055 1885 fuit
1086 1853 1167 1886 tam
1201 1847 1340 1889 tenuis
1365 1857 1408 1890 et

193 1924 344 1975 exilis,
392 1921 497 1974 quin
530 1920 706 1963 ultimus
746 1920 930 1974 quisque
961 1923 1050 1976 ejus
1087 1922 1238 1965 doctor
1270 1937 1292 1965 a
1321 1925 1408 1967 dis-

189 2001 350 2054 cipulis
393 1997 803 2050 admiratoribusque
836 1997 927 2038 suis
979 1997 1120 2039 victor
1163 2000 1405 2052 aequalium

191 2090 241 2121 ac
279 2076 470 2131 priorum
506 2074 727 2126 omnium,
760 2083 800 2116 et
837 2074 958 2116 solus
991 2074 1178 2118 veritatis
1212 2076 1410 2120 inventor

192 2154 386 2196 ferretur.
446 2152 594 2195 Medio
626 2152 745 2194 Aevo
769 2151 814 2192 in
845 2151 1108 2194 Scholastica
1133 2150 1411 2206 philosophia

194 2231 370 2274 fuerunt
409 2229 621 2273 Realistae
664 2237 704 2270 et
742 2227 1075 2270 Nominalistae:
1129 2238 1409 2282 utrorumque

193 2310 350 2352 multae
373 2318 579 2350 sectarum
603 2305 945 2350 subdivisiones:
976 2305 1321 2360 uniuscujusque
1344 2318 1412 2351 se·

198 2394 291 2427 ctae
313 2384 487 2425 antistes
509 2397 635 2438 supra
671 2397 794 2437 quam
822 2383 1017 2424 humanis
1042 2383 1282 2425 honoribus
1304 2384 1411 2425 cele-

197 2462 426 2504 brabatur:
459 2460 567 2501 alius
601 2470 687 2502 erat
723 2461 875 2502 doctor
906 2459 1164 2515 Angelicus,
1196 2460 1305 2502 alius
1337 2460 1413 2501 do-

200 2551 296 2585 ctor
319 2541 604 2599 seraphicus,
634 2540 742 2583 alius
765 2539 915 2582 doctor
949 2537 1310 2597 Irrefragczbilis:
1340 2537 1414 2580 alii

858 2612 897 2657 C
929 2625 956 2659 2
1321 2614 1414 2657 aliis
