1693 3110
303 172 388 239 {3⁶
602 161 1220 212 DtsPUTATm·

310 290 497 336 sollertia
526 287 700 341 ingenii.
773 288 918 341 Atque
962 300 1058 330 cum
1107 287 1423 343 exposuerimus
1463 287 1521 333 de

311 363 516 414 Graecis,
550 363 624 414 qui
653 363 839 404 omnium
870 375 1081 406 consensu
1105 361 1323 412 plurimos
1344 361 1386 405 in
1417 363 1518 406 Phi-

306 439 507 491 losophia
531 450 784 491 progressus
817 439 1075 486 habuerunt,
1110 435 1235 476 facile
1256 437 1307 477 de
1339 439 1516 490 reliquis

304 514 506 568 gentibus
529 513 624 555 inde
644 515 799 565 poterit
817 511 1063 554 existimari:
1097 521 1145 552 nt
1167 511 1273 553 satis
1296 512 1353 554 sit
1373 513 1513 557 brevi-

306 598 371 631 ter
393 597 434 630 ct
457 588 650 631 universe
668 592 717 630 dc
735 590 783 628 1’1's
809 587 1044 628 monuisse.

364 663 423 705 Et
458 664 661 717 Aegyptii
695 662 892 714 quidem,
930 663 1002 714 qui
1040 670 1153 703 tanta
1188 663 1422 706 floruerunt
1449 676 1519 707 sa·-⁵

301 740 489 794 pientiae
511 739 661 790 laude,
693 748 740 779 ut
764 739 894 791 vulgo
919 735 1186 790 perhibeatur
1210 738 1359 779 artium
1389 740 1523 781 disci·

306 818 605 870 plinarumque
635 825 739 855 ratio
770 815 820 854 ab
858 814 910 854 iis
943 821 983 853 et
1013 812 1183 854 inventa
1218 821 1259 854 et
1291 825 1385 855 cum
1421 814 1519 858 aliis

306 893 511 947 gentibus
545 887 852 932 communicata
889 899 1009 939 esse,
1040 897 1178 930 tamen
1214 900 1311 930 cum
1348 889 1390 931 in
1424 890 1524 932 uni„-

308 981 430 1011 versa
464 963 767 1017 Philosophia,
813 972 901 1004 tum
934 963 976 1004 in
1018 975 1063 1003 ea
1100 965 1191 1016 ejus
1227 974 1371 1016 parte,
1412 978 1522 1018 quae

308 1055 373 1085 est
398 1045 446 1085 de
467 1041 622 1084 Divina
642 1039 831 1091 Natura,
859 1051 910 1081 ne
933 1039 1199 1091 comparandi
1223 1041 1391 1092 quidem
1416 1052 1523 1085 sunt.

307 1132 404 1161 cum
441 1119 632 1160 Graecis.
692 1116 874 1158 Difficile
909 1125 973 1156 cst
1008 1116 1057 1157 de
1094 1114 1218 1156 rebus
1241 1116 1523 1169 Aegyptiacis

300 1193 513 1250 §udicarffi
549 1204 802 1244 quamquam
832 1191 952 1232 multi
978 1194 1066 1233 sint
1090 1201 1235 1233 nostra
1260 1200 1421 1243 aetate,
1445 1190 1523 1246 qui

298 1270 507 1326 iudicent.
565 1268 648 1309 Sed
681 1267 961 1309 concedamus
993 1267 1129 1317 illud,
1164 1268 1277 1318 quod
1315 1275 1378 1308 est
1407 1267 1525 1318 apud·

301 1344 575 1387 Plutarchum
609 1345 659 1385 de
689 1343 748 1385 Is.
781 1353 822 1384 et
852 1341 936 1383 Os.
965 1355 993 1394 p
1031 1355 1127 1396 359.
1160 1342 1215 1382 D.
1250 1351 1290 1382 et
1314 1340 1517 1394 Porphy-

300 1420 410 1462 rium
437 1429 511 1470 ap.
535 1415 696 1456 Euseb.
726 1418 776 1457 P.
808 1418 864 1459 E.
898 1416 986 1469 ΙΙΙ,
1022 1430 1087 1460 11.
1133 1417 1270 1473 Cneph
1299 1416 1411 1469 apud
1434 1416 1519 1457 Ae·

301 1493 481 1549 gyptios
506 1490 642 1532 fuisse
672 1489 808 1531 Deum
835 1502 921 1531 non
948 1502 1160 1544 creatum,
1194 1491 1518 1544 effectoremque

302 1570 434 1623 huJ'us
465 1565 696 1610 Univcrsi:
729 1577 815 1606 non
843 1574 907 1606 est
945 1563 1051 1606 enim
1090 1567 1212 1616 quod*
1231 1566 1381 1608 horum
1407 1566 1520 1608 Scri·

302 1656 476 1700 ptorum
521 1642 812 1695 auctoritatem
857 1640 1139 1692 repudiemus.
1224 1640 1521 1683 Concedamus

303 1721 426 1764 etiam
454 1732 498 1761 ea
523 1712 631 1771 quae·
667 1719 772 1759 hanc
800 1717 842 1759 in
876 1727 957 1756 rem
982 1716 1256 1767 disputantur
1280 1729 1302 1757 a
1320 1715 1522 1771 Jablons-

298 1797 401 1849 itio,
433 1795 528 1837 viro
562 1792 877 1843 eruditissimo,
919 1791 1092 1833 Panthei
1123 1793 1230 1846 Aeg.
1263 1791 1318 1834 L.
1346 1791 1381 1835 Ι.
1413 1805 1519 1844 cap.

298 1883 344 1914 2.
377 1879 418 1912 et
444 1883 487 1925 4.
521 1880 775 1921 quamquam
808 1865 1053 1910 credibilius
1093 1867 1296 1920 videtur,
1326 1868 1431 1909 hanc
1457 1868 1524 1919 ip·

300 1958 388 1989 sam
420 1947 470 1987 de
499 1956 587 1985 uno
623 1955 809 1986 creatote
837 1944 930 1984 Deo
954 1942 1204 1984 sententiam
1226 1957 1248 1984 a
1268 1937 1440 1986 Graccis
1470 1943 1523 1985 ad

299 2020 541 2075 Aegyptios
574 2018 776 2070 fluxisse,
809 2030 932 2071 quam
971 2018 1021 2059 ab
1052 2018 1277 2070 Aegyptiis
1309 2019 1359 2058 ad
1382 2017 1522 2059 Grae·

299 2109 395 2141 cos,
456 2096 538 2137 Sed
563 2103 609 2135 ut
653 2095 751 2136 haec
783 2094 1093 2144 concedamus,
1125 2092 1245 2134 nullo
1273 2103 1406 2134 tamen
1429 2106 1524 2135 mo·

301 2174 358 2215 do
382 2184 476 2214 cum
503 2170 761 2213 Graecorum
790 2169 913 2222 copia
937 2178 977 2210 ct
1003 2169 1161 2210 ratione
1185 2169 1230 2211 in
1253 2168 1328 2211 hac
1350 2169 1519 2223 quidem

297 2249 487 2291 doctrina
511 2246 694 2288 conferri
718 2255 902 2298 possunt
922 2243 1141 2298 Aegyptii,

352 2324 416 2365 Dc
447 2321 737 2374 Aethiopibus
769 2330 907 2363 exstat
942 2322 1062 2363 locus
1097 2320 1318 2364 Strabonis
1354 2319 1519 2374 Geogn-

293 2399 354 2442 L.
378 2398 518 2440 XVH.
549 2411 594 2449 p.
631 2409 754 2449 1177.
818 2399 915 2441 Θεὸν
936 2399 976 2441 δὲ
1006 2400 1198 2453 νομίζουσι
1233 2398 1298 2441 τὸν
1324 2400 1397 2448 μὲν
1417 2399 1517 2441 awai·

298 2492 417 2522 nmo
455 2479 591 2520 τοῦτον
622 2472 658 2515 δ’
688 2472 784 2518 εἶναι
819 2474 940 2519 αἴτιον
964 2475 1038 2518 ’τῶν
1063 2475 1247 2518 πάντων·
1278 2475 1344 2517 ’τὸν
1366 2474 1407 2517 δὲ
1430 2474 1518 2523 Ona-4·

1447 2547 1517 2593 τὸν
