1693 3110
465 152 575 198 Ao
652 149 1172 203 BOSCHIUM.
1369 169 1431 221 43¹

212 279 498 326 Bibliothecae
521 276 700 320 Criticae
721 274 933 317 Volumen
960 276 1147 318 Tertium
1172 291 1223 320 ne
1249 277 1423 321 inchoa-

214 366 305 400 tum
334 357 605 408 reunquerem
622 383 638 405 ,
669 352 742 393 sed
768 352 922 393 additis
944 354 1107 396 duabus
1135 354 1327 398 Partibus
1349 370 1423 399 ex-

213 434 383 487 plerem.
443 429 612 484 Agnovi
639 440 814 470 caussae
836 427 919 469 vim
947 438 986 470 et
1016 431 1301 474 honestatem:
1330 446 1427 485 pro-

213 509 311 551 misi
339 521 402 550 me
417 539 431 558 ,
452 510 487 548 si
515 505 684 558 quando
708 514 780 545 aut
801 503 1036 545 Plutarchci
1058 507 1196 558 operis
1216 508 1430 560 perpetui.

213 595 324 636 tate,
356 595 428 625 aut
451 584 628 624 alioruin
664 580 904 623 studiorum
931 581 1144 633 satIetate‚
1176 593 1223 623 ut
1250 584 1336 625 {ieri
1357 597 1430 627 so-

208 664 292 711 let,
323 659 603 711 defatigatus,
633 657 824 698 materiae
856 656 1045 698 novitate
1069 667 1110 698 et
1135 658 1341 701 variandis
1365 661 1427 701 la.

205 735 356 779 borum
381 735 547 778 vicibus
570 734 752 777 animum
777 733 855 775 alia
877 735 1109 786 scriptione
1133 747 1312 777 recreare
1333 737 1426 787 vel--

208 811 318 864 lem,
361 812 567 852 materiam
603 811 852 863 scriptionis
880 811 1185 854 Bibliothecam
1221 813 1423 858 Criticam

209 897 466 931 sumturum.
527 888 607 930 Sed
633 888 714 929 hoc
741 889 950 943 ejusmodi
977 889 1081 941 erit,
1114 899 1188 941 ut,
1221 890 1257 931 si
1284 890 1423 943 forte,

209 965 380 1018 expleto
403 965 484 1006 boc
511 963 772 1017 Volumine‚
803 966 847 1007 in
870 967 1011 1008 eodem
1036 966 1281 1020 scriptionis
1305 980 1426 1022 gene·

210 1053 254 1083 re
278 1053 444 1093 pergere
473 1041 628 1092 veiim,
661 1054 747 1084 non
780 1052 844 1082 me
868 1055 1015 1084 rursus
1048 1042 1091 1085 in
1115 1044 1297 1086 eamdem
1324 1058 1428 1098 qua.

208 1116 417 1169 dripartiti
448 1116 692 1159 Voluminis
716 1118 909 1170 explendi
934 1118 1226 1161 necessitatem
1251 1123 1426 1162 conclu-

206 1193 298 1235 dam
316 1223 331 1245 ,
359 1195 432 1235 sed
450 1193 658 1247 integrum
689 1193 792 1235 mihi
811 1205 1012 1237 reservem
1034 1195 1241 1250 judicium
1262 1198 1310 1239 de
1327 1197 1424 1240 Par·

203 1270 311 1312 tium
346 1282 549 1322 numero3
582 1280 629 1311 ut
655 1270 699 1313 in
722 1282 933 1324 postrema
959 1274 1109 1325 quavis
1135 1273 1282 1326 Parte,
1313 1285 1424 1318 tam·

202 1361 328 1401 quam
376 1348 499 1390 finito
544 1360 698 1402 opere,
735 1349 920 1390 desinere
970 1350 1108 1392 liceat.
1182 1350 1318 1396 Ἀλλὰ
1355 1354 1420 1404 τίη

200 1444 266 1481 μοι
291 1430 424 1469 ταῦτα
449 1428 568 1481 φίλος
588 1426 787 1478 διελέξατο
808 1426 949 1479 &uad-93
975 1435 1056 1467 tam
1081 1426 1152 1468 diu
1176 1426 1421 1471 intermisso

200 1511 240 1545 et
265 1503 336 1545 vix
356 1512 542 1545 resumto
568 1513 701 1554 penso
719 1531 732 1553 ‚
759 1514 918 1543 novum
944 1502 1064 1542 etiam
1100 1501 1264 1544 animus
1299 1515 1420 1546 som-

200 1581 319 1623 niat?
382 1580 517 1631 Atqui
552 1591 646 1620 cum
674 1578 920 1629 exceptione
956 1579 1053 1619 haec
1089 1578 1314 1629 dicuntur,
1350 1582 1417 1620 m·-

199 1663 235 1699 ει·
270 1656 375 1712 quid
401 1655 637 1699 acciderit:
675 1664 742 1705 et⁹
784 1665 833 1694 ut
874 1653 1013 1697 omnia
1047 1663 1218 1705 nostra,
1247 1659 1343 1700 θεῶν
1373 1660 1415 1701 ἐν

197 1734 360 1788 γεύνασι
391 1738 536 1775 κεῖται.

272 1812 492 1854 Caeterum
518 1840 533 1862 a
575 1818 758 1851 resumta
800 1808 945 1851 subito
982 1821 1055 1862 per
1095 1810 1177 1852 hoc
1212 1809 1408 1853 feriarum

199 1887 333 1929 otium
370 1886 657 1929 Bibliothecae
685 1886 870 1929 Criticae
902 1887 1163 1940 scriptione,
1196 1887 1281 1928 Tui
1306 1889 1410 1932 mihi

196 1963 431 2013 continuo,
456 1962 512 2003 mi
540 1961 727 2014 Boscffi,
759 1963 803 2003 in
829 1971 1008 2004 mentem
1030 1963 1160 2006 venit.
1201 1964 1318 2016 Age,
1345 1964 1408 2005 in..

197 2052 352 2092 quam‚
384 2037 619 2091 faciamus,
653 2048 701 2080 ut
733 2039 869 2080 eadem
908 2051 1032 2091 opera
1065 2039 1220 2091 duplex
1255 2051 1407 2083 nomen

195 2118 436 2160 solvamus:
471 2127 511 2158 et
540 2117 694 2158 librum
721 2102 792 2157 diu
817 2115 1026 2157 studiosis
1061 2115 1307 2157 hominibus
1335 2117 1405 2157 de·

191 2192 325 2235 bitum
356 2192 654 2244 absolvamus,
687 2202 726 2233 et
751 2204 843 2233 eum
870 2191 1056 2233 Boschio
1091 2192 1398 2236 inscribamus:

192 2276 232 2308 et
266 2268 415 2319 quidni
454 2267 636 2310 ssoschio
671 2268 813 2310 eodem
854 2268 946 2321 jure
989 2266 1172 2309 Tertiam
1208 2267 1399 2320 Partem,

190 2357 275 2395 quo
307 2344 484 2386 Primam
518 2343 775 2386 Fonteiuio?
817 2342 1057 2396 praesertim
1095 2345 1265 2387 meliore
1298 2359 1402 2387 con-

188 2421 364 2462 ditione.
423 2421 530 2462 Nam
564 2432 611 2464 ut
639 2420 942 2473 Fonteinium,
976 2431 1185 2473 tamquam
1212 2434 1402 2464 commu-

184 2509 277 2543 nem
309 2507 546 2557 parentem,
578 2510 754 2555 paterno
783 2498 947 2542 honore
979 2498 1218 2553 coluimus3
1250 2499 1307 2541 ita
1334 2510 1400 2540 me

1362 2583 1404 2615 ct
