1693 3110
313 176 386 222 63
694 174 1178 227 EPISTOLA

334 299 447 343 Haec
477 299 579 356 Tu,
609 299 903 354 cessantibus,
935 303 1057 354 quasi

941 415 1125 472 Jupiter
1152 414 1294 459 ambas

525 491 674 535 Iratus
701 492 849 535 buccas
875 492 991 543 inflet
1006 505 1019 528 -·

332 605 544 658 Socratis,
576 605 878 659 Antisthenis,
908 605 1111 660 Diogenis
1142 606 1308 660 instar,
1346 618 1442 651 cum
1469 601 1546 650 act-s

326 684 580 740 hortationis
619 685 873 728 vehementia
889 716 904 737 ‚
945 689 1138 740 παρξησίᾳ
1158 716 1177 738 ‚1
1203 690 1547 741 εὐθυῤῥημοσύνγι,

324 765 565 817 τραχύτητι·
595 762 722 804 libere
746 764 952 816 loquens:
991 763 1188 815 scapham
1227 763 1425 815 scapham
1464 775 1563 814 ap«-

325 840 514 891 pellam,
545 850 713 891 aspere:
748 841 820 881 sed
843 840 1013 882 salutari
1037 839 1280 893 asperitate:
1307 852 1455 892 quarn,
1487 848 1538 881 ut

321 928 372 957 ex
398 914 612 957 lenissimo
635 914 944 965 mitissimoque
966 915 1106 957 animo
1130 914 1362 968 profectam
1380 946 1397 967 ‚
1417 915 1536 967 quis-

320 1006 403 1045 que
425 991 524 1033 Tibi
548 991 752 1045 ignoscit,
815 991 861 1034 Si
883 1004 1011 1044 porro
1039 991 1294 1045 interrogant
1311 1023 1324 1043 9
1353 1002 1534 1043 quomo-

319 1073 377 1113 do
413 1071 696 1123 incipiendum
729 1068 806 1112 sit:
851 1068 978 1110 More
1006 1067 1248 1121 reqionum,
1280 1067 1453 1119 inquis.‚
1483 1080 1533 1108 en

318 1152 386 1191 ita
409 1165 479 1205 ego
494 1151 616 1204 feci!
676 1150 819 1201 Atque
842 1149 904 1192 sic
930 1149 971 1190 in
997 1150 1167 1190 caeteris
1196 1148 1304 1190 vitae
1341 1147 1533 1200 partibus

320 1236 500 1268 veterem
534 1226 721 1279 sequeris
744 1237 898 1268 morem
916 1255 931 1275 ,
962 1224 1145 1275 vestitu,
1176 1224 1324 1275 cultu,
1353 1222 1527 1274 habitu3

314 1311 364 1344 ut
389 1302 463 1353 qui
497 1300 563 1342 Te'
593 1301 757 1352 videat,
792 1309 928 1342 vetera
959 1299 1148 1341 florentis
1183 1308 1370 1351 tempora
1393 1299 1533 1351 reipu-

318 1378 453 1419 blicae
477 1376 652 1430 cogitet.
714 1375 824 1417 Nam
851 1388 900 1417 ex
926 1375 1180 1428 reipublicae
1202 1375 1536 1417 commutatione

314 1453 418 1506 Tu,
448 1466 577 1507 quum
612 1465 790 1506 posses,
821 1454 970 1506 privati
1006 1453 1219 1496 commodi
1255 1454 1317 1495 nil
1350 1452 1529 1506 cepistis

315 1528 445 1572 :immo
467 1530 667 1583 Jacturam
692 1529 830 1571 fecisti
855 1529 1037 1572 muneris
1061 1529 1284 1585 graphiarii
1305 1529 1454 1572 salario
1478 1528 1529 1571 ad

317 1606 518 1649 minorem
558 1605 728 1647 modum
766 1606 953 1649 redacto:
1000 1606 1159 1659 gratia,
1205 1618 1288 1659 qua
1327 1606 1526 1660 valebas⁹

313 1693 421 1724 usus
437 1694 479 1724 es
505 1682 554 1724 ad
576 1681 737 1723 afflictis
761 1682 865 1723 bene
885 1680 1138 1724 faciendum.
1173 1682 1285 1725 Haec
1299 1683 1405 1725 enim
1420 1684 1530 1727 inter

312 1767 494 1799 caeteras
520 1758 699 1801 virtutes
733 1758 774 1799 in
810 1757 874 1798 Te
899 1758 1068 1800 eminet.v
1128 1759 1269 1813 Hujus
1307 1759 1377 1801 Tu
1410 1770 1528 1805 tanto

309 1834 455 1876 studio
490 1833 637 1885 ardes,
671 1844 716 1874 ut
756 1832 793 1874 si
825 1833 928 1884 quid
961 1834 1032 1875 alii
1058 1834 1159 1876 bene
1198 1833 1402 1887 fecerint,
1444 1837 1528 1878 hoc

312 1910 377 1953 Te
389 1909 540 1951 fecisse
566 1909 710 1951 malis:
739 1919 779 1951 et
803 1913 837 1951 si
857 1910 971 1961 quod
997 1909 1098 1950 Tibi
1121 1910 1225 1952 bene
1240 1911 1399 1953 factum
1423 1924 1524 1953 cum

307 1986 401 2030 aliis
427 1997 649 2028 commune
671 1985 757 2037 sit,
790 1985 832 2026 id
856 1984 1077 2038 proprium
1105 1984 1208 2027 Tibi
1236 1998 1328 2028 esse
1353 1987 1520 2040 cupias.¹

308 2060 425 2103 Haec
460 2070 523 2103 est
550 2061 619 2102 illa
647 2061 810 2111 virtus,
844 2071 948 2111 quae
976 2059 1160 2100 cernitur
1184 2059 1226 2100 in
1259 2059 1406 2102 officiis
1428 2072 1522 2113 erga

307 2140 441 2190 alios,
473 2150 595 2191 quam
624 2136 795 2179 Veteres
819 2149 903 2178 uno
921 2136 1117 2190 Justitiae
1147 2136 1316 2177 nomine
1338 2137 1523 2189 appella-

308 2224 434 2257 runt:
468 2212 666 2255 omnibus
706 2211 811 2253 bene
836 2211 967 2262 velie,
1001 2210 1199 2252 omnibus
1228 2211 1332 2252 bene
1356 2209 1514 2253 facere:

307 2292 511 2335 neminem
540 2291 721 2341 laedere,
742 2289 896 2332 nemini
920 2299 1091 2329 nocere:
1125 2299 1248 2328 suum
1274 2288 1429 2339 cuique
1450 2287 1524 2329 tri-

307 2368 456 2409 buere:
491 2366 653 2407 miseris
687 2377 954 2407 succurrere:
988 2378 1067 2405 72072
1099 2364 1178 2406 sibi
1210 2363 1286 2406 soli
1308 2374 1456 2405 natum
1481 2376 1523 2404 se

300 2452 489 2500 putare:
505 2451 675 2498 partem
695 2445 830 2483 nostri
842 2440 1062 2484 vindicare
1082 2441 1160 2480 sibi
1172 2443 1367 2496 patriam
1381 2468 1395 2488 ‚
1416 2450 1523 2493 par-

310 2529 393 2563 tem
417 2522 599 2563 amicos:
629 2533 708 2561 non
728 2521 813 2563 νίγὶ
834 2533 927 2561 cum
938 2517 1146 2575 pents'cctis
1168 2515 1422 2565 hominihus,
1451 2511 1526 2553 5ch

1427 2601 1518 2630 cum
