<?xml version="1.0" encoding="UTF-8"?>
<!DOCTYPE html PUBLIC "-//W3C//DTD XHTML 1.0 Transitional//EN"
    "http://www.w3.org/TR/xhtml1/DTD/xhtml1-transitional.dtd">
<html xmlns="http://www.w3.org/1999/xhtml" xml:lang="en" lang="en">
 <head>
  <title>
</title>
<meta http-equiv="Content-Type" content="text/html;charset=utf-8" />
  <meta name='ocr-system' content='tesseract 3.04.00' />
  <meta name='ocr-capabilities' content='ocr_page ocr_carea ocr_par ocr_line ocrx_word'/>
</head>
<body>
  <div class='ocr_page' id='page_1' title='image "./opusculavariiarg02wytt/opusculavariiarg02wytt_0260.png"; bbox 0 0 1693 3110; ppageno 0'>
   <div class='ocr_carea' id='block_1_1' title="bbox 508 326 1298 391">
    <p class='ocr_par' dir='ltr' id='par_1_1' title="bbox 508 326 1298 391">
     <span class='ocr_line' id='line_1_1' title="bbox 508 326 1298 391; baseline 0.003 -3"><span class='ocrx_word' id='word_1_1' title='bbox 508 326 1298 391; x_wconf 88' lang='lat' dir='ltr'><strong>ANNOTATIO</strong></span> 
     </span>
    </p>
   </div>
   <div class='ocr_carea' id='block_1_2' title="bbox 846 498 938 532">
    <p class='ocr_par' dir='ltr' id='par_1_2' title="bbox 846 498 938 532">
     <span class='ocr_line' id='line_1_2' title="bbox 846 498 938 532; baseline -0.011 0"><span class='ocrx_word' id='word_1_2' title='bbox 846 498 938 532; x_wconf 70' lang='lat' dir='ltr'><strong>AD</strong></span> 
     </span>
    </p>
   </div>
   <div class='ocr_carea' id='block_1_3' title="bbox 395 628 1402 811">
    <p class='ocr_par' dir='ltr' id='par_1_3' title="bbox 395 628 1402 811">
     <span class='ocr_line' id='line_1_3' title="bbox 395 628 1402 684; baseline 0.004 -5"><span class='ocrx_word' id='word_1_3' title='bbox 395 628 438 679; x_wconf 75' lang='lat' dir='ltr'><strong>J.</strong></span> <span class='ocrx_word' id='word_1_4' title='bbox 507 632 855 678; x_wconf 79' lang='grc' dir='ltr'><strong>ΒΑΚἿΙ</strong></span> <span class='ocrx_word' id='word_1_5' title='bbox 934 633 1402 684; x_wconf 84' lang='lat' dir='ltr'>LIBRUM</span> 
     </span>
     <span class='ocr_line' id='line_1_4' title="bbox 479 761 1317 811; baseline 0.005 -4"><span class='ocrx_word' id='word_1_6' title='bbox 479 761 604 807; x_wconf 85' lang='lat' dir='ltr'><strong>DE</strong></span> <span class='ocrx_word' id='word_1_7' title='bbox 680 761 1317 811; x_wconf 73' lang='lat' dir='ltr'><strong>POSIDONlo,</strong></span> 
     </span>
    </p>
   </div>
   <div class='ocr_carea' id='block_1_4' title="bbox 831 929 976 944">
    <p class='ocr_par' dir='ltr' id='par_1_4' title="bbox 831 929 976 944">
     <span class='ocr_line' id='line_1_5' title="bbox 831 929 976 944; baseline -0.014 0"><span class='ocrx_word' id='word_1_8' title='bbox 831 929 976 944; x_wconf 77' lang='lat'>—</span> 
     </span>
    </p>
   </div>
   <div class='ocr_carea' id='block_1_5' title="bbox 314 1061 1487 1117">
    <p class='ocr_par' dir='ltr' id='par_1_5' title="bbox 314 1061 1487 1117">
     <span class='ocr_line' id='line_1_6' title="bbox 314 1061 1487 1117; baseline 0.003 -15"><span class='ocrx_word' id='word_1_9' title='bbox 314 1069 388 1102; x_wconf 64' lang='lat' dir='ltr'><strong>ex</strong></span> <span class='ocrx_word' id='word_1_10' title='bbox 429 1070 592 1102; x_wconf 80' lang='lat' dir='ltr'><strong>EDIT.</strong></span> <span class='ocrx_word' id='word_1_11' title='bbox 625 1070 1085 1114; x_wconf 77' lang='lat' dir='ltr'><strong>POSIDONIANA,</strong></span> <span class='ocrx_word' id='word_1_12' title='bbox 1117 1074 1216 1116; x_wconf 84' lang='lat' dir='ltr'><strong>pag.</strong></span> <span class='ocrx_word' id='word_1_13' title='bbox 1240 1061 1354 1115; x_wconf 76' lang='lat'>260,</span> <span class='ocrx_word' id='word_1_14' title='bbox 1380 1070 1487 1117; x_wconf 65' lang='lat' dir='ltr'><strong>sqq&#39;c</strong></span> 
     </span>
    </p>
   </div>
   <div class='ocr_carea' id='block_1_6' title="bbox 291 1334 1557 2649">
    <p class='ocr_par' dir='ltr' id='par_1_6' title="bbox 291 1334 1528 2594">
     <span class='ocr_line' id='line_1_7' title="bbox 291 1334 1516 1455; baseline 0.003 -25"><span class='ocrx_word' id='word_1_15' title='bbox 291 1334 523 1455; x_wconf 79' lang='lat' dir='ltr'>Quidni</span> <span class='ocrx_word' id='word_1_16' title='bbox 556 1389 763 1443; x_wconf 81' lang='lat' dir='ltr'><strong>gratificer</strong></span> <span class='ocrx_word' id='word_1_17' title='bbox 801 1390 912 1442; x_wconf 77' lang='lat' dir='ltr'><strong>tibi,</strong></span> <span class='ocrx_word' id='word_1_18' title='bbox 958 1392 1117 1444; x_wconf 89' lang='lat' dir='ltr'><strong>optime</strong></span> <span class='ocrx_word' id='word_1_19' title='bbox 1149 1391 1281 1444; x_wconf 62' lang='lat' dir='ltr'><strong>Basti,</strong></span> <span class='ocrx_word' id='word_1_20' title='bbox 1314 1401 1353 1434; x_wconf 89' lang='lat' dir='ltr'><strong>et</strong></span> <span class='ocrx_word' id='word_1_21' title='bbox 1387 1402 1516 1446; x_wconf 66' lang='lat' dir='ltr'><strong>parva</strong></span> 
     </span>
     <span class='ocr_line' id='line_1_8' title="bbox 292 1465 1516 1521; baseline 0.002 -15"><span class='ocrx_word' id='word_1_22' title='bbox 292 1466 510 1516; x_wconf 79' lang='lat' dir='ltr'><strong>modeste,</strong></span> <span class='ocrx_word' id='word_1_23' title='bbox 544 1475 584 1507; x_wconf 92' lang='lat' dir='ltr'><strong>et</strong></span> <span class='ocrx_word' id='word_1_24' title='bbox 618 1465 827 1517; x_wconf 81' lang='lat' dir='ltr'><strong>promissa</strong></span> <span class='ocrx_word' id='word_1_25' title='bbox 850 1467 966 1520; x_wconf 89' lang='lat' dir='ltr'><strong>juste</strong></span> <span class='ocrx_word' id='word_1_26' title='bbox 999 1467 1179 1520; x_wconf 88' lang='lat' dir='ltr'><strong>petenti.</strong></span> <span class='ocrx_word' id='word_1_27' title='bbox 1240 1468 1348 1509; x_wconf 88' lang='lat' dir='ltr'><strong>Nam</strong></span> <span class='ocrx_word' id='word_1_28' title='bbox 1380 1481 1516 1521; x_wconf 78' lang='lat' dir='ltr'><strong>quum</strong></span> 
     </span>
     <span class='ocr_line' id='line_1_9' title="bbox 292 1543 1517 1596; baseline 0.002 -14"><span class='ocrx_word' id='word_1_29' title='bbox 292 1550 342 1584; x_wconf 85' lang='lat' dir='ltr'><strong>tu</strong></span> <span class='ocrx_word' id='word_1_30' title='bbox 367 1543 557 1584; x_wconf 87' lang='lat' dir='ltr'><strong>libellum</strong></span> <span class='ocrx_word' id='word_1_31' title='bbox 582 1543 695 1583; x_wconf 89' lang='lat' dir='ltr'><strong>hunc</strong></span> <span class='ocrx_word' id='word_1_32' title='bbox 722 1551 842 1584; x_wconf 91' lang='lat' dir='ltr'><strong>tuum</strong></span> <span class='ocrx_word' id='word_1_33' title='bbox 858 1543 944 1596; x_wconf 87' lang='lat' dir='ltr'><strong>jam</strong></span> <span class='ocrx_word' id='word_1_34' title='bbox 969 1551 1106 1583; x_wconf 90' lang='lat' dir='ltr'><strong>totum</strong></span> <span class='ocrx_word' id='word_1_35' title='bbox 1128 1545 1412 1596; x_wconf 87' lang='lat' dir='ltr'><strong>perscriptum</strong></span> <span class='ocrx_word' id='word_1_36' title='bbox 1437 1544 1517 1585; x_wconf 66' lang='lat' dir='ltr'><strong>mie</strong></span> 
     </span>
     <span class='ocr_line' id='line_1_10' title="bbox 295 1618 1519 1673; baseline 0.001 -12"><span class='ocrx_word' id='word_1_37' title='bbox 295 1618 341 1661; x_wconf 81' lang='lat' dir='ltr'><strong>hi</strong></span> <span class='ocrx_word' id='word_1_38' title='bbox 374 1620 595 1673; x_wconf 85' lang='lat' dir='ltr'><strong>legendum</strong></span> <span class='ocrx_word' id='word_1_39' title='bbox 622 1619 894 1671; x_wconf 76' lang='lat' dir='ltr'><strong>tradidisses,</strong></span> <span class='ocrx_word' id='word_1_40' title='bbox 925 1627 1001 1670; x_wconf 83' lang='lat' dir='ltr'><strong>ut,</strong></span> <span class='ocrx_word' id='word_1_41' title='bbox 1034 1618 1071 1660; x_wconf 90' lang='lat' dir='ltr'><strong>si</strong></span> <span class='ocrx_word' id='word_1_42' title='bbox 1093 1619 1194 1670; x_wconf 89' lang='lat' dir='ltr'><strong>quid</strong></span> <span class='ocrx_word' id='word_1_43' title='bbox 1225 1619 1266 1660; x_wconf 87' lang='lat' dir='ltr'><strong>in</strong></span> <span class='ocrx_word' id='word_1_44' title='bbox 1286 1631 1334 1661; x_wconf 91' lang='lat' dir='ltr'><strong>eo</strong></span> <span class='ocrx_word' id='word_1_45' title='bbox 1359 1620 1519 1662; x_wconf 80' lang='lat' dir='ltr'><strong>deside-</strong></span> 
     </span>
     <span class='ocr_line' id='line_1_11' title="bbox 294 1693 1517 1747; baseline 0.002 -13"><span class='ocrx_word' id='word_1_46' title='bbox 294 1705 453 1745; x_wconf 66' lang='lat' dir='ltr'><strong>farem,</strong></span> <span class='ocrx_word' id='word_1_47' title='bbox 486 1702 525 1734; x_wconf 89' lang='lat' dir='ltr'><strong>te</strong></span> <span class='ocrx_word' id='word_1_48' title='bbox 560 1694 852 1746; x_wconf 83' lang='lat' dir='ltr'><strong>admonerem;</strong></span> <span class='ocrx_word' id='word_1_49' title='bbox 891 1693 1047 1736; x_wconf 88' lang='lat' dir='ltr'><strong>accidit</strong></span> <span class='ocrx_word' id='word_1_50' title='bbox 1081 1694 1221 1735; x_wconf 88' lang='lat' dir='ltr'><strong>eodem</strong></span> <span class='ocrx_word' id='word_1_51' title='bbox 1249 1703 1436 1747; x_wconf 87' lang='lat' dir='ltr'><strong>tempore</strong></span> <span class='ocrx_word' id='word_1_52' title='bbox 1468 1705 1517 1737; x_wconf 87' lang='lat' dir='ltr'><strong>ut</strong></span> 
     </span>
     <span class='ocr_line' id='line_1_12' title="bbox 294 1767 1519 1824; baseline 0.001 -13"><span class='ocrx_word' id='word_1_53' title='bbox 294 1770 323 1811; x_wconf 66' lang='grc' dir='ltr'>ὲ</span> <span class='ocrx_word' id='word_1_54' title='bbox 353 1770 528 1823; x_wconf 88' lang='lat' dir='ltr'><strong>legendo</strong></span> <span class='ocrx_word' id='word_1_55' title='bbox 561 1781 626 1810; x_wconf 85' lang='lat' dir='ltr'><strong>me</strong></span> <span class='ocrx_word' id='word_1_56' title='bbox 663 1778 702 1810; x_wconf 93' lang='lat' dir='ltr'><strong>et</strong></span> <span class='ocrx_word' id='word_1_57' title='bbox 736 1769 837 1810; x_wconf 88' lang='lat' dir='ltr'><strong>aliae</strong></span> <span class='ocrx_word' id='word_1_58' title='bbox 870 1767 1175 1820; x_wconf 76' lang='lat' dir='ltr'><strong>occupationes</strong></span> <span class='ocrx_word' id='word_1_59' title='bbox 1197 1778 1448 1824; x_wconf 87' lang='lat' dir='ltr'><strong>avocarent,</strong></span> <span class='ocrx_word' id='word_1_60' title='bbox 1477 1778 1519 1811; x_wconf 79' lang='lat' dir='ltr'><strong>et</strong></span> 
     </span>
     <span class='ocr_line' id='line_1_13' title="bbox 293 1844 1517 1898; baseline 0 -10"><span class='ocrx_word' id='word_1_61' title='bbox 293 1845 507 1897; x_wconf 70' lang='lat' dir='ltr'><strong>scriptura</strong></span> <span class='ocrx_word' id='word_1_62' title='bbox 536 1857 771 1898; x_wconf 87' lang='lat' dir='ltr'><strong>manusque</strong></span> <span class='ocrx_word' id='word_1_63' title='bbox 796 1853 867 1885; x_wconf 87' lang='lat' dir='ltr'><strong>tua</strong></span> <span class='ocrx_word' id='word_1_64' title='bbox 900 1844 1116 1898; x_wconf 78' lang='lat' dir='ltr'><strong>rejiceret,</strong></span> <span class='ocrx_word' id='word_1_65' title='bbox 1148 1845 1315 1897; x_wconf 81' lang='lat' dir='ltr'><strong>elegans</strong></span> <span class='ocrx_word' id='word_1_66' title='bbox 1350 1846 1517 1898; x_wconf 82' lang='lat' dir='ltr'><strong>quidem</strong></span> 
     </span>
     <span class='ocr_line' id='line_1_14' title="bbox 294 1919 1516 1973; baseline -0.002 -9"><span class='ocrx_word' id='word_1_67' title='bbox 294 1922 368 1965; x_wconf 84' lang='lat' dir='ltr'><strong>illa</strong></span> <span class='ocrx_word' id='word_1_68' title='bbox 400 1930 441 1963; x_wconf 92' lang='lat' dir='ltr'><strong>et</strong></span> <span class='ocrx_word' id='word_1_69' title='bbox 469 1921 707 1973; x_wconf 87' lang='lat' dir='ltr'><strong>concinna,</strong></span> <span class='ocrx_word' id='word_1_70' title='bbox 752 1920 827 1962; x_wconf 89' lang='lat' dir='ltr'><strong>sed</strong></span> <span class='ocrx_word' id='word_1_71' title='bbox 863 1920 1032 1962; x_wconf 87' lang='lat' dir='ltr'><strong>tenuior</strong></span> <span class='ocrx_word' id='word_1_72' title='bbox 1069 1919 1356 1972; x_wconf 80' lang='lat' dir='ltr'><strong>minutiorque</strong></span> <span class='ocrx_word' id='word_1_73' title='bbox 1389 1932 1516 1971; x_wconf 87' lang='lat' dir='ltr'><strong>quam</strong></span> 
     </span>
     <span class='ocr_line' id='line_1_15' title="bbox 295 1995 1522 2053; baseline -0.002 -13"><span class='ocrx_word' id='word_1_74' title='bbox 295 2012 377 2053; x_wconf 86' lang='lat' dir='ltr'><strong>pro</strong></span> <span class='ocrx_word' id='word_1_75' title='bbox 400 2009 587 2040; x_wconf 88' lang='lat' dir='ltr'><strong>meorum</strong></span> <span class='ocrx_word' id='word_1_76' title='bbox 622 2007 751 2051; x_wconf 88' lang='lat' dir='ltr'><strong>captu</strong></span> <span class='ocrx_word' id='word_1_77' title='bbox 776 1997 1016 2039; x_wconf 73' lang='lat' dir='ltr'><strong>oeulowm.</strong></span> <span class='ocrx_word' id='word_1_78' title='bbox 1068 1995 1216 2049; x_wconf 87' lang='lat' dir='ltr'><strong>Itaque</strong></span> <span class='ocrx_word' id='word_1_79' title='bbox 1238 1996 1314 2037; x_wconf 88' lang='lat' dir='ltr'><strong>tibi</strong></span> <span class='ocrx_word' id='word_1_80' title='bbox 1338 1997 1452 2038; x_wconf 85' lang='lat' dir='ltr'><strong>suasi</strong></span> <span class='ocrx_word' id='word_1_81' title='bbox 1475 2007 1522 2039; x_wconf 86' lang='lat' dir='ltr'><strong>ut</strong></span> 
     </span>
     <span class='ocr_line' id='line_1_16' title="bbox 301 2071 1523 2128; baseline -0.004 -9"><span class='ocrx_word' id='word_1_82' title='bbox 301 2076 495 2120; x_wconf 85' lang='lat' dir='ltr'><strong>libellum</strong></span> <span class='ocrx_word' id='word_1_83' title='bbox 532 2074 742 2118; x_wconf 85' lang='lat' dir='ltr'><strong>continuo</strong></span> <span class='ocrx_word' id='word_1_84' title='bbox 783 2072 1063 2128; x_wconf 87' lang='lat' dir='ltr'><strong>typographis</strong></span> <span class='ocrx_word' id='word_1_85' title='bbox 1099 2071 1417 2114; x_wconf 85' lang='lat' dir='ltr'><strong>describendum</strong></span> <span class='ocrx_word' id='word_1_86' title='bbox 1451 2073 1523 2114; x_wconf 90' lang='lat' dir='ltr'><strong>da-</strong></span> 
     </span>
     <span class='ocr_line' id='line_1_17' title="bbox 304 2148 1527 2213; baseline -0.006 -18"><span class='ocrx_word' id='word_1_87' title='bbox 304 2165 401 2205; x_wconf 79' lang='lat' dir='ltr'><strong>res3</strong></span> <span class='ocrx_word' id='word_1_88' title='bbox 433 2151 494 2193; x_wconf 86' lang='lat' dir='ltr'><strong>sic</strong></span> <span class='ocrx_word' id='word_1_89' title='bbox 520 2152 629 2194; x_wconf 87' lang='lat' dir='ltr'><strong>enim</strong></span> <span class='ocrx_word' id='word_1_90' title='bbox 652 2151 776 2205; x_wconf 85' lang='lat' dir='ltr'><strong>fore,</strong></span> <span class='ocrx_word' id='word_1_91' title='bbox 807 2160 852 2194; x_wconf 90' lang='lat' dir='ltr'><strong>ut</strong></span> <span class='ocrx_word' id='word_1_92' title='bbox 870 2181 885 2204; x_wconf 85' lang='lat'><strong>,</strong></span> <span class='ocrx_word' id='word_1_93' title='bbox 914 2162 1010 2213; x_wconf 82' lang='lat' dir='ltr'><strong>eum</strong></span> <span class='ocrx_word' id='word_1_94' title='bbox 1045 2149 1214 2191; x_wconf 89' lang='lat' dir='ltr'><strong>facilius</strong></span> <span class='ocrx_word' id='word_1_95' title='bbox 1239 2148 1527 2191; x_wconf 85' lang='lat' dir='ltr'><strong>commodius-</strong></span> 
     </span>
     <span class='ocr_line' id='line_1_18' title="bbox 306 2229 1527 2285; baseline -0.003 -11"><span class='ocrx_word' id='word_1_96' title='bbox 306 2244 390 2285; x_wconf 85' lang='lat' dir='ltr'><strong>que</strong></span> <span class='ocrx_word' id='word_1_97' title='bbox 432 2232 573 2285; x_wconf 86' lang='lat' dir='ltr'><strong>legens</strong></span> <span class='ocrx_word' id='word_1_98' title='bbox 593 2262 608 2284; x_wconf 65' lang='lat' dir='ltr'>a</span> <span class='ocrx_word' id='word_1_99' title='bbox 650 2231 812 2285; x_wconf 84' lang='lat' dir='ltr'><strong>aliquid</strong></span> <span class='ocrx_word' id='word_1_100' title='bbox 849 2230 961 2272; x_wconf 87' lang='lat' dir='ltr'><strong>haud</strong></span> <span class='ocrx_word' id='word_1_101' title='bbox 992 2229 1124 2282; x_wconf 90' lang='lat' dir='ltr'><strong>inepti</strong></span> <span class='ocrx_word' id='word_1_102' title='bbox 1150 2229 1415 2272; x_wconf 86' lang='lat' dir='ltr'><strong>additamenti</strong></span> <span class='ocrx_word' id='word_1_103' title='bbox 1438 2230 1527 2270; x_wconf 85' lang='lat' dir='ltr'><strong>col-</strong></span> 
     </span>
     <span class='ocr_line' id='line_1_19' title="bbox 299 2290 1523 2363; baseline -0.003 -13"><span class='ocrx_word' id='word_1_104' title='bbox 299 2308 489 2363; x_wconf 82' lang='lat' dir='ltr'><strong>ligerem.</strong></span> <span class='ocrx_word' id='word_1_105' title='bbox 559 2308 727 2350; x_wconf 85' lang='lat' dir='ltr'><strong>Etenim</strong></span> <span class='ocrx_word' id='word_1_106' title='bbox 779 2309 853 2360; x_wconf 86' lang='lat' dir='ltr'><strong>qui</strong></span> <span class='ocrx_word' id='word_1_107' title='bbox 901 2316 941 2348; x_wconf 92' lang='lat' dir='ltr'><strong>te</strong></span> <span class='ocrx_word' id='word_1_108' title='bbox 985 2316 1184 2359; x_wconf 90' lang='lat' dir='ltr'><strong>tuamque</strong></span> <span class='ocrx_word' id='word_1_109' title='bbox 1219 2290 1463 2348; x_wconf 73' lang='lat' dir='ltr'><strong>industriam</strong></span> <span class='ocrx_word' id='word_1_110' title='bbox 1500 2307 1523 2346; x_wconf 69' lang='grc' dir='ltr'>ὲ</span> 
     </span>
     <span class='ocr_line' id='line_1_20' title="bbox 302 2382 1525 2439; baseline -0.007 -10"><span class='ocrx_word' id='word_1_111' title='bbox 302 2387 435 2439; x_wconf 78' lang='lat' dir='ltr'><strong>longo</strong></span> <span class='ocrx_word' id='word_1_112' title='bbox 460 2384 554 2427; x_wconf 83' lang='lat' dir='ltr'><strong>inde</strong></span> <span class='ocrx_word' id='word_1_113' title='bbox 587 2395 779 2437; x_wconf 88' lang='lat' dir='ltr'><strong>tempore</strong></span> <span class='ocrx_word' id='word_1_114' title='bbox 804 2393 1065 2438; x_wconf 82' lang='lat' dir='ltr'><strong>perspectam</strong></span> <span class='ocrx_word' id='word_1_115' title='bbox 1090 2383 1309 2434; x_wconf 77' lang='lat' dir='ltr'><strong>haberem,</strong></span> <span class='ocrx_word' id='word_1_116' title='bbox 1337 2394 1423 2424; x_wconf 90' lang='lat' dir='ltr'><strong>non</strong></span> <span class='ocrx_word' id='word_1_117' title='bbox 1447 2382 1525 2422; x_wconf 88' lang='lat' dir='ltr'><strong>du-</strong></span> 
     </span>
     <span class='ocr_line' id='line_1_21' title="bbox 303 2457 1526 2514; baseline -0.006 -9"><span class='ocrx_word' id='word_1_118' title='bbox 303 2462 488 2506; x_wconf 86' lang='lat' dir='ltr'><strong>bitabam</strong></span> <span class='ocrx_word' id='word_1_119' title='bbox 525 2463 632 2513; x_wconf 87' lang='lat' dir='ltr'><strong>quin</strong></span> <span class='ocrx_word' id='word_1_120' title='bbox 667 2463 704 2503; x_wconf 89' lang='lat' dir='ltr'><strong>si</strong></span> <span class='ocrx_word' id='word_1_121' title='bbox 742 2460 845 2514; x_wconf 89' lang='lat' dir='ltr'><strong>quid</strong></span> <span class='ocrx_word' id='word_1_122' title='bbox 881 2461 905 2502; x_wconf 65' lang='lat' dir='ltr'><strong>a</strong></span> <span class='ocrx_word' id='word_1_123' title='bbox 937 2468 1003 2511; x_wconf 78' lang='lat' dir='ltr'><strong>te,</strong></span> <span class='ocrx_word' id='word_1_124' title='bbox 1035 2469 1075 2500; x_wconf 91' lang='lat' dir='ltr'><strong>et</strong></span> <span class='ocrx_word' id='word_1_125' title='bbox 1112 2460 1176 2499; x_wconf 87' lang='lat' dir='ltr'><strong>vel</strong></span> <span class='ocrx_word' id='word_1_126' title='bbox 1217 2459 1321 2500; x_wconf 88' lang='lat' dir='ltr'><strong>solis</strong></span> <span class='ocrx_word' id='word_1_127' title='bbox 1354 2457 1439 2497; x_wconf 88' lang='lat' dir='ltr'><strong>tuis</strong></span> <span class='ocrx_word' id='word_1_128' title='bbox 1475 2467 1526 2498; x_wconf 65' lang='lat' dir='ltr'><strong>ex</strong></span> 
     </span>
     <span class='ocr_line' id='line_1_22' title="bbox 305 2535 1528 2594; baseline -0.009 -10"><span class='ocrx_word' id='word_1_129' title='bbox 305 2538 501 2584; x_wconf 83' lang='lat' dir='ltr'><strong>manibus</strong></span> <span class='ocrx_word' id='word_1_130' title='bbox 543 2536 700 2591; x_wconf 77' lang='lat' dir='ltr'><strong>exiret,</strong></span> <span class='ocrx_word' id='word_1_131' title='bbox 743 2538 788 2581; x_wconf 90' lang='lat' dir='ltr'><strong>id</strong></span> <span class='ocrx_word' id='word_1_132' title='bbox 830 2536 1039 2594; x_wconf 86' lang='lat' dir='ltr'><strong>ejusmodi</strong></span> <span class='ocrx_word' id='word_1_133' title='bbox 1075 2535 1266 2579; x_wconf 74' lang='lat' dir='ltr'><strong>futurum</strong></span> <span class='ocrx_word' id='word_1_134' title='bbox 1301 2542 1436 2587; x_wconf 87' lang='lat' dir='ltr'><strong>esset,</strong></span> <span class='ocrx_word' id='word_1_135' title='bbox 1478 2542 1528 2574; x_wconf 88' lang='lat' dir='ltr'><strong>ut</strong></span> 
     </span>
    </p>

    <p class='ocr_par' dir='ltr' id='par_1_7' title="bbox 1463 2618 1557 2649">
     <span class='ocr_line' id='line_1_23' title="bbox 1463 2618 1557 2649; baseline 0 0"><span class='ocrx_word' id='word_1_136' title='bbox 1463 2618 1557 2649; x_wconf 79' lang='lat' dir='ltr'><strong>se·-</strong></span> 
     </span>
    </p>
   </div>
  </div>
 </body>
</html>
