1693 3110
237 219 293 276 45
387 196 390 199 ’
604 205 1207 256 ΕΡΙεΤ«οῑ,Α«

241 341 279 385 si
304 338 426 382 finito
455 347 564 378 anno
589 333 768 376 reditum
793 331 837 374 in
864 331 1042 387 patriam
1065 330 1284 388 cogitanS‚
1313 335 1462 379 cath&-

244 424 357 465 dram
381 419 615 459 Literarum
635 423 676 456 et
692 413 990 467 Philosophiae
1013 413 1057 454 in
1075 413 1453 458 Amstelodamensi

242 492 631 543 Remonstrantium
665 490 891 544 Collegio,
922 490 1281 533 commendatione
1302 493 1452 534 duum-

240 575 427 617 virorum
455 577 696 612 nostrorum
722 567 824 608 mihi
850 567 1030 608 oblatam
1049 596 1064 618 ,
1093 568 1330 609 eorumdem
1354 568 1455 610 hor-

241 657 335 690 tatu
372 645 642 699 accipiebam.
720 644 905 694 Uterque
951 642 1080 696 hujus
1120 641 1222 682 mihi
1257 644 1457 686 stationis

243 723 581 779 opportunitates
605 718 894 773 praedicabat,
926 718 970 759 in
1002 718 1069 759 his
1094 717 1235 759 urbem
1258 718 1456 772 frequen·

243 814 325 848 tem
351 802 509 845 Literis
534 810 574 842 et
597 798 803 841 studiosis
823 809 959 838 earum
975 795 1220 837 hominihus
1235 826 1250 847 ,
1272 809 1452 848 quorum

240 882 457 938 plerisque
477 889 612 918 meum
634 876 857 916 adventum
878 873 990 914 haud
1014 873 1217 924 ingratum
1234 871 1353 924 fore,
1368 885 1458 914 cer-

243 968 286 1002 te
322 958 444 999 Petro
471 951 694 996 Fonteinio
730 960 770 991 et
802 950 1062 1002 Hieronymo
1093 947 1305 990 ssoschio:
1338 949 1458 991 illum

242 1035 402 1077 multae
433 1029 628 1076 lectionis
661 1039 830 1078 senem,
863 1026 1149 1079 Theophrasti
1183 1026 1455 1071 Characteres

242 1111 358 1153 effere
394 1117 634 1162 parantem,
665 1116 730 1146 me
764 1103 848 1146 sibi
880 1103 1109 1156 adjutorem
1144 1104 1454 1155 expetiturum:

240 1187 355 1230 hunc
379 1187 572 1239 J'uvenem
609 1183 847 1223 Literarum
874 1192 1011 1221 amore
1043 1181 1280 1231 ardentem,
1310 1181 1459 1225 luben-

241 1275 314 1308 tur
333 1276 491 1306 mecum
515 1267 558 1306 in
579 1275 717 1306 earum
740 1261 882 1304 studio
905 1271 1165 1303 versaturum
1183 1277 1194 1305 ι
1209 1272 1249 1304 et
1261 1263 1458 1309 Boschius·

231 1344 353 1397 facit
389 1341 508 1381 bonos
537 1352 707 1388 versus,
751 1338 882 1391 ajebat
918 1336 1250 1390 Valckenarius,
1294 1348 1335 1379 ct
1355 1352 1458 1396 pro-1

243 1433 332 1461 sam
368 1420 599 1459 orationem
634 1416 780 1458 melius
816 1416 960 1457 scribit
992 1430 1117 1472 quam
1152 1416 1282 1458 solent
1303 1419 1457 1474 vulgo,

242 1496 318 1550 qm'
340 1506 482 1535 versus
502 1483 711 1544 facium:
743 1495 826 1534 en!
857 1491 1038 1542 librum,
1072 1505 1189 1548 quem
1221 1494 1337 1536 modo
1369 1496 1460 1537 ‹zdi-¹

240 1569 335 1618 dit,
369 1568 425 1611 G.
458 1565 624 1619 Iloofiii
648 1566 854 1608 Carmina
880 1566 1108 1619 Jumvllia
1124 1580 1138 1606 .·
1167 1578 1250 1610 erat
1276 1570 1382 1611 enim
1407 1571 1458 1612 li=

241 1645 318 1685 ber
348 1654 446 1696 prae
475 1641 694 1683 manibus:
738 1640 956 1694 inspicio,
1001 1641 1124 1683 video
1162 1644 1460 1694 praefationem

241 1736 350 1778 pure
374 1733 414 1764 et
449 1724 654 1776 eleganter
689 1721 913 1774 scriptam:
948 1721 1154 1764 continuo
1181 1722 1232 1764 de
1262 1722 1325 1765 Te
1356 1723 1463 1765 bene

242 1812 407 1853 sperare
428 1798 568 1851 coepi.

287 1874 398 1916 Mox
415 1872 775 1915 Amstelodamum
797 1883 997 1923 excurro,
1020 1870 1318 1913 habitationem
1339 1872 1461 1916 anas·

245 1964 331 2004 que
365 1950 689 1993 commorationi
735 1951 987 1992 necessarias
1027 1963 1089 1991 res
1137 1961 1458 2004 prospecturus.

244 2025 418 2084 Quibus
443 2027 680 2081 prospectis
701 2058 714 2079 ,
747 2026 1011 2069 Fonteinium
1038 2028 1167 2070 adeo:
1200 2027 1272 2079 qui
1299 2040 1362 2069 me
1387 2039 1462 2072 co-‘

243 2104 368 2146 miter
393 2103 577 2156 excipit,
606 2115 701 2156 erga
729 2103 937 2144 hominem
962 2114 1047 2143 non
1079 2111 1172 2143 ante
1200 2101 1337 2143 visum
1362 2116 1462 2156 pro-

242 2178 378 2234 priam
414 2178 498 2220 sibi
530 2178 773 2232 gravitatetn
812 2178 1067 2220 humanitate
1093 2187 1359 2231 temperatam
1387 2180 1466 2221 ob.

245 2255 380 2298 tinet:
415 2266 573 2309 gratum
600 2255 682 2296 sibi
718 2267 855 2297 meum
894 2255 1116 2296 adventum
1150 2266 1269 2305 esse,
1301 2264 1460 2307 gratam

250 2333 603 2376 consuetudinem
635 2330 750 2374 fore:
792 2342 985 2386 quaerere
1017 2332 1065 2372 de
1101 2332 1201 2372 meis
1238 2333 1389 2374 studiis
1420 2342 1463 2375 et

249 2407 509 2459 Plutarcho,
541 2419 618 2460 ego
657 2408 705 2448 de
738 2408 854 2449 iliius
889 2406 1212 2459 Theophrasto:
1255 2406 1324 2448 ille
1359 2406 1466 2448 mihi

250 2495 415 2526 narrare
438 2484 486 2524 de
504 2483 854 2535 Hemsterhusio,
886 2495 962 2538 ego
987 2483 1046 2524 illi
1072 2484 1120 2524 de
1144 2482 1398 2524 Ruhnkenio
1423 2490 1464 2522 et

251 2560 555 2605 Valckenario:
585 2569 676 2603 tum
699 2561 827 2604 mittit
853 2560 926 2616 qui
949 2558 1012 2603 Te
1034 2568 1213 2602 arcessat
1243 2559 1286 2602 in
1315 2558 1470 2602 vicinia

1393 2635 1468 2679 ha-
