1693 3110
268 203 354 251 312.
645 184 1095 229 MEMORIA

274 311 416 365 pidis,
439 306 770 359 Aristophanis:
796 318 846 349 ne
865 308 994 350 dicam
1019 306 1350 363 deminoribus,
1365 312 1484 355 Anam

275 395 472 434 creonte,
491 383 775 435 Theophrasti
802 383 1124 426 Cliaracteribus
1140 416 1154 436 ,
1171 384 1345 437 aliisque
1365 388 1483 429 simi·

272 461 402 503 libus.
463 457 706 500 Latinarum
743 469 878 502 autem
904 460 1135 503 Literarum
1160 462 1240 503 sibi
1267 472 1482 515 tamquam

276 534 569 586 domicilium,
601 535 642 576 in
671 547 758 586 quo
792 535 1024 587 habitaret,
1058 538 1332 580 constituerat
1357 538 1487 579 Cice·.

271 623 449 661 ronem,
479 614 606 666 cujus
627 621 668 652 et
691 612 883 654 doc-trina
907 613 1116 665 ingenium
1141 615 1293 665 aleret,
1323 623 1363 655 et
1389 626 1484 655 ora-.

270 687 388 738 tione
426 687 582 739 stylum
620 697 850 729 exerceret:
897 686 995 729 huic
1032 688 1309 741 adiungebat,
1350 688 1486 731 veluti

268 763 523 814 diversoria,
563 761 841 813 Terentium,
893 760 1138 814 Nepotem,
1194 762 1475 814 Sallustium,

276 838 530 889 Caesarem,
561 837 735 880 omnino
777 837 1037 892 historic053
1069 839 1184 891 quod
1221 839 1304 880 hoc>
1339 849 1485 892 genere

275 914 452 959 maxime
474 912 785 960 delectabatur-3
814 922 902 960 tum
936 926 1035 958 vero
1065 916 1211 968 poetas
1236 914 1448 969 principes
1464 944 1486 966 ,‚

273 989 534 1046 Virgilium,
567 991 818 1041 Hor-atium,
849 990 1140 1043 Propertium,
1171 991 1399 1042 Ovidium,
1442 990 1491 1033 in

279 1066 438 1120 quibus
465 1066 640 1106 libenter
662 1063 821 1106 Graeca
849 1064 1027 1119 vestigia
1052 1064 1270 1120 indagabat
1290 1063 1497 1110 imitatio*

275 1155 457 1195 nemque
476 1142 665 1187 notabat³

323 1220 417 1274 Jam
441 1228 608 1272 tempus
632 1230 746 1271 erat,
776 1228 823 1261 ut
850 1220 923 1272 qui
958 1228 1096 1262 tantos
1124 1230 1375 1272 progressus
1408 1217 1490 1260 ha·

276 1295 391 1339 beret
408 1324 422 1347 ,
449 1306 590 1339 eorum
619 1295 831 1347 specimen
857 1296 1010 1337 ederet.
1040 1296 1202 1337 Sumsit
1224 1295 1303 1337 sibi
1328 1294 1496 1348 Chrys-t

280 1373 458 1425 ippum,
501 1371 624 1424 cujus
666 1370 825 1422 vitam,
864 1371 1048 1423 placita,
1079 1369 1369 1423 librorumque
1400 1371 1500 1412 reli*

278 1448 399 1501 quias
421 1458 664 1502 exponeret:
688 1448 861 1491 aliorum
884 1449 1076 1501 exemplo
1092 1459 1333 1492 nostrorum
1354 1462 1497 1502 quon-

279 1525 371 1570 dam
402 1524 745 1580 discipulorum,
778 1525 853 1578 qui
880 1525 1059 1568 simiiem
1090 1537 1254 1578 operam
1285 1537 1492 1570 navarunn

279 1597 519 1652 Musonio,
552 1599 842 1652 Aristoxeno,
871 1599 1095 1651 Panaetio,
1126 1599 1374 1645 Posidonio.
1433 1604 1497 1645 At«

277 1676 496 1731 ingressus
545 1677 625 1719 hoe
684 1687 976 1731 argumentum
1001 1708 1016 1730 ,
1061 1677 1390 1725 animadvertens
1435 1680 1499 1720 la-.

281 1752 371 1795 tius
404 1762 543 1806 patere
593 1765 715 1806 quam
755 1762 803 1794 ut
841 1752 958 1796 brevi
1001 1754 1304 1805 conficeretur,
1335 1755 1378 1797 id
1402 1757 1500 1808 qui..

282 1828 372 1869 dem
406 1828 450 1869 in
490 1838 706 1881 posterum
740 1828 938 1878 distulit,
970 1828 1167 1880 aliudque
1208 1833 1494 1882 praeoptavit}

282 1904 553 1949 Ciceroniani
589 1904 730 1958 operis
766 1904 828 1945 De
859 1904 1034 1946 Finibus
1073 1906 1226 1947 librum
1260 1907 1427 1948 tertium
1457 1918 1498 1950 et

283 1990 508 2034 quartum,
540 1981 614 2032 qui
637 1990 739 2023 sunt
761 1982 811 2022 de
839 1980 983 2022 Stoica
1009 1981 1171 2023 ratione
1194 1995 1206 2024 ε
1235 1994 1370 2033 eoque
1393 1982 1500 2026 refe·

286 2058 403 2104 rebat
426 2057 646 2104 lectionem
682 2057 820 2099 totius
854 2056 1108 2107 Ciceronis,
1138 2057 1342 2109 Diogenis
1374 2057 1500 2100 Latii-q

286 2133 367 2187 tii,
400 2134 569 2179 Stobaei
585 2164 600 2186 ,
634 2133 836 2178 aliorum:
862 2143 950 2175 tum
978 2145 1076 2175 vero
1100 2133 1151 2174 ad
1177 2143 1425 2185 scripturam
1451 2137 1502 2178 il,

286 2212 426 2256 lorum
463 2212 669 2255 librorum
705 2211 1028 2261 emendandam,
1063 2218 1103 2250 et
1136 2209 1215 2249 hos
1243 2218 1282 2249 et
1313 2209 1504 2261 reliquos

287 2298 372 2331 tres
397 2288 558 2338 libros,
591 2300 685 2331 cum
716 2296 891 2330 vetusto
916 2286 1062 2329 codice
1087 2285 1247 2338 scripto
1274 2284 1509 2329 Bibliothe,

286 2375 358 2413 cae
383 2361 606 2409 Leidensis
629 2362 905 2414 comparavit.

340 2440 483 2493 Atque
527 2440 627 2480 haec
664 2440 865 2484 hactenus
902 2446 1127 2480 memorata
1162 2437 1292 2491 huius
1332 2434 1500 2478 triennii

292 2525 415 2577 geta,
444 2523 509 2568 tot
541 2523 739 2577 tantaque
771 2513 973 2568 fuerunt,
1006 2526 1082 2568 ut,
1114 2513 1152 2558 si
1177 2513 1284 2558 nihil
1306 2512 1418 2563 aliud
1447 2510 1512 2552 fea

1426 2596 1510 2627 eise.
