1693 3110
389 182 495 226 DE
557 180 1003 231 UNITATE
1072 183 1245 231 DEI.
1345 200 1428 244 409

214 320 264 352 rc
287 316 373 349 est:
405 309 545 360 igitur
581 303 697 345 Deus
727 311 907 346 vocatur
938 302 1087 356 ἄψις,
1120 310 1285 346 nomino
1322 305 1439 364 quod

217 392 348 439 negat
377 379 717 431 multitudinem;
748 381 851 434 quia
880 393 986 420 muts
1016 388 1076 421 est
1104 388 1143 420 et
1173 379 1298 422 solus.

228 473 230 475 '
277 459 429 511 Neque
466 470 566 500 vero
602 455 925 508 praetereundus
962 466 1024 496 est
1067 467 1439 507 musa-tons,

224 547 397 589 magnae
434 534 565 575 horno
603 529 817 572 doctrinae
848 539 888 571 et
913 531 1206 582 eloquentiae,
1237 529 1437 572 Hadriani

221 609 494 663 Imperatoris
534 605 810 659 temporibus.
868 604 1011 659 HuJ’us
1035 606 1078 647 in
1101 606 1300 658 scriptis,
1328 618 1437 658 quae

223 694 510 740 pervenerunt
530 684 580 725 ad
604 691 789 725 nostram
816 690 988 723 aetatem
1004 711 1020 732 ‚
1049 690 1184 722 exstat
1206 680 1434 733 Hymnus,

220 775 348 815 prosa
384 761 572 813 scriptus
598 758 818 809 oratione,
853 769 939 809 quo
974 768 1129 798 numen
1156 769 1205 798 ac
1243 758 1436 808 majestas

218 836 340 893 jovis
368 837 425 877 ita
450 835 710 884 celebratur,
740 841 786 873 ut
809 833 1006 885 princeps
1023 865 1037 885 ‚
1061 843 1202 884 pater,
1226 845 1296 874 rex
1322 831 1435 873 Deo-

220 925 312 954 rum
344 912 680 962 hominumque,
710 917 750 949 et
778 908 897 950 solus
925 918 1051 961 atque
1087 921 1199 951 unus
1231 909 1282 950 ab
1318 906 1437 951 omni

223 986 467 1030 aeternitate
494 985 628 1026 fuisse
657 983 837 1027 dicatur.

274 1060 413 1115 Igitur
450 1060 501 1101 ad
533 1059 638 1101 hanc
675 1071 811 1111 usque
842 1067 1011 1101 aetatem
1039 1057 1092 1100 ab
1116 1057 1222 1111 ipsis
1246 1060 1343 1101 inde
1367 1061 1433 1103 in·

219 1135 446 1178 cunabulis
471 1133 822 1187 disciplinarum,
854 1146 1029 1185 omnes,
1063 1135 1136 1185 qui
1171 1135 1336 1186 quidem
1376 1137 1441 1177 di-

217 1214 358 1256 vinam
386 1211 589 1253 Naturam
638 1222 725 1252 non
755 1210 926 1263 penitus
951 1210 1171 1261 tollerent,
1202 1221 1443 1254 constanter

221 1290 305 1332 hoc
334 1295 581 1331 tenuerunt:
618 1285 753 1327 Deum
783 1286 856 1337 qui
881 1285 1054 1338 primam
1079 1296 1220 1328 motus
1247 1300 1441 1332 caussam

219 1366 587 1416 contineret‚non
612 1374 703 1404 esse
728 1361 813 1403 nisi
837 1362 1028 1404 unicum.
1061 1361 1213 1414 Neque
1230 1363 1345 1417 fere,
1370 1377 1440 1406 ex-

219 1451 347 1494 cepto
367 1439 597 1482 Aristotele
613 1468 628 1490 ‚
646 1438 728 1480 hoc
749 1438 982 1492 argumenti
1010 1438 1288 1480 conclusione
1306 1439 1442 1482 confi-

217 1528 313 1558 cere
340 1514 434 1567 quis
451 1524 629 1556 conatus
658 1524 749 1565 est3
769 1514 927 1566 quippe
953 1526 1036 1554 rem
1066 1526 1142 1565 per
1162 1526 1205 1555 se
1228 1516 1331 1557 satis
1353 1529 1438 1559 ma-

223 1590 420 1634 nifestam
436 1590 498 1630 nil
515 1601 536 1629 a
550 1588 905 1629 demonstratione
931 1586 1180 1630 firmamenti
1201 1592 1408 1643 requirere
1421 1625 1437 1648 ,

223 1666 483 1720 iudicarunt.
545 1663 850 1718 Venimusjam
877 1664 927 1706 ad
950 1675 994 1706 ea
1030 1673 1248 1718 tempora,
1281 1668 1438 1720 quibus

218 1739 457 1784 Christiani
490 1740 632 1782 Patres
662 1741 895 1782 doctrinam
932 1742 1229 1797 Evangelicam
1266 1747 1438 1800 scriptis

220 1816 465 1869 divulgare,
496 1824 535 1856 et
559 1824 705 1856 contra
728 1816 1070 1868 reprehensiones
1103 1820 1437 1866 adversariorum

220 1893 435 1934 vindicare
460 1900 706 1944 coeperunt.
769 1890 942 1946 Quibus
977 1895 1142 1946 quidem
1174 1898 1349 1949 scriptis
1375 1897 1440 1940 fa·

214 1976 334 2012 ctum
359 1979 449 2021 est,
481 1978 529 2010 ut
562 1969 685 2009 locus
720 1968 770 2010 de
798 1968 974 2011 Unitate
1003 1971 1079 2012 Dei
1106 1983 1254 2024 postea
1287 1984 1438 2017 tracta-¹

216 2056 330 2089 retur
371 2045 546 2088 uberius
585 2045 636 2086 ab
672 2045 726 2086 iis
774 2046 925 2097 etiarn,
972 2047 1045 2098 qui
1085 2049 1208 2089 alieni
1241 2060 1383 2092 essent
1414 2063 1437 2097 a

219 2125 462 2167 Christiana
499 2124 717 2178 religione.
779 2124 886 2166 Nam
921 2124 1092 2177 Patres,
1138 2136 1184 2167 ut
1215 2127 1308 2181 jure
1339 2128 1439 2171 Phi-

221 2202 462 2256 Iosophiam
492 2201 877 2254 reprehendebant,
913 2202 1029 2254 quod
1066 2203 1165 2244 licet
1196 2186 1442 2249 constanter

220 2282 424 2323 tenuisset
471 2281 647 2323 unicum
700 2294 792 2323 esse
836 2294 1048 2324 summum
1088 2283 1221 2325 Deum
1239 2316 1253 2337 ‚
1302 2296 1440 2330 tamen

218 2351 378 2395 nullam
408 2356 491 2393 vim
523 2356 741 2398 habuisset
770 2357 820 2399 ad
844 2357 1099 2410 defigendam
1130 2360 1236 2402 hanc
1263 2363 1436 2415 opinio-

222 2439 314 2471 nem
356 2427 400 2469 in
459 2429 727 2482 singulorum
785 2434 1167 2488 universorumque
1220 2437 1437 2482 hominum

221 2502 458 2549 mentibus:
494 2504 551 2550 ita
584 2506 762 2549 nimium
800 2509 923 2549 etiam
952 2509 1034 2552 hoc
1058 2510 1103 2553 in
1126 2510 1226 2554 loco
1248 2524 1293 2554 se
1308 2513 1444 2566 jacta·

819 2584 891 2627 Cc
921 2595 951 2640 5
1309 2598 1440 2643 runt,
