1693 3110
305 120 386 167 DE
414 119 936 165 IMMORTALITATE
973 120 1174 168 ANIMI.
1247 130 1346 183 ‘535

125 257 259 299 rum,
288 258 433 288 rerum
463 245 749 287 humanarum
773 246 1052 298 inspectores,
1081 246 1231 302 quibus
1255 247 1506 298 Dc-secr.11.
1567 287 1571 291 .

127 334 178 363 us
192 350 208 371 ‚
240 326 422 364 omnium
443 331 654 376 supremus
672 350 688 372 ,
709 319 1127 364 administrationem
1153 322 1341 367 tradidit
1359 304 1570 383 {yigfffffft

124 396 277 438 munda·
300 398 515 453 compositi
543 407 597 438 ex
633 394 765 448 Diis,
796 396 1057 450 hominibus,
1089 407 1131 439 et
1166 400 1342 457 reliquis

120 472 412 527 .animalibus;
447 485 554 528 quae
591 473 734 523 omnia
748 469 881 524 facta
917 480 1013 512 sunt
1051 472 1113 514 ad
1141 477 1344 531 optimam

125 549 360 602 imaginem
380 548 555 601 formae
584 548 807 590 increatae
838 554 879 587 et
909 548 1161 591 aeternae.”
1231 550 1343 605 Quis

129 633 219 665 non
255 632 403 675 putet,
436 624 654 666 Timaeum
694 621 1107 676 Metempsychosim
1145 627 1343 678 posuisse

125 696 175 739 in
212 696 398 751 fabulis,
429 712 533 752 quae
567 700 617 742 ad
661 699 918 741 coercendos
953 699 1071 751 vulgi
1095 702 1256 744 animos
1280 702 1344 744 in-

127 783 274 816 ventae
310 775 482 817 essent?
541 777 684 827 Atque
720 774 776 815 ita
801 784 1037 816 statuerunt
1065 788 1151 817 non
1180 786 1342 820 tantum

129 847 229 900 alii,
262 861 371 900 quos
393 860 632 903 sequuntur
656 849 884 901 nuperrimi
903 848 1060 892 Gallici
1089 854 1342 904 interpretes

126 922 387 977 Dargensius
420 935 467 967 ac
501 923 779 975 Batteuxius,
811 925 884 966 sed
916 925 991 977 qui
1029 924 1110 967 hos
1146 927 1343 970 doctrilm.

123 998 310 1041 multum
331 1009 502 1052 superat
526 997 762 1041 Bruckerus
797 999 916 1042 Hist.
950 1001 1063 1043 Crit.
1085 1000 1196 1044 Phil.
1220 1001 1277 1042 T.
1302 1001 1340 1046 Ι.

128 1087 176 1128 p.
205 1086 328 1128 1093.
387 1073 501 1117 Mihi
526 1086 624 1117 vero
652 1074 772 1116 aliter
794 1076 979 1118 videtur.
1039 1074 1146 1115 Nam
1169 1074 1339 1128 primo,

127 1162 258 1203 supra
290 1150 579 1202 ostendimus,
616 1150 849 1192 doctrinam
886 1153 936 1193 de
968 1150 1341 1203 Metempsychosi

122 1226 237 1279 apud
265 1225 576 1279 Pythagoreos,
614 1237 704 1266 non
739 1234 903 1268 tantum
940 1225 1233 1276 Exotericatn,
1264 1225 1338 1267 sed

122 1300 386 1345 Esotericam
418 1310 592 1352 quoque
623 1298 784 1351 fuisse,
825 1313 1000 1354 eamque
1032 1314 1055 1343 a
1086 1302 1263 1344 Platone
1296 1309 1339 1344 et

118 1376 430 1435 posterioribus
448 1375 692 1430 probatam,
716 1376 1104 1430 subtilioribusque
1123 1377 1246 1419 etiam
1274 1389 1338 1419 ra·

120 1453 316 1496 tionibus
340 1451 629 1495 confirmatam
647 1464 762 1494 esse:
788 1464 893 1506 quas
909 1453 1137 1495 verisimile
1159 1462 1222 1498 est
1244 1452 1339 1495 Pla.

122 1537 265 1571 tonem
288 1540 338 1571 ex
357 1527 582 1580 deperditis
615 1527 981 1580 Pythagoreorum
1018 1526 1191 1581 scriptis
1232 1529 1336 1569 hau.

122 1604 249 1645 sisse.
310 1603 366 1644 Et
389 1602 426 1644 si
455 1602 552 1654 quis
579 1600 688 1643 forte
709 1602 836 1645 nobis
870 1614 1084 1656 opponere
1106 1604 1208 1646 velit
1239 1606 1337 1646 Ari-

118 1679 314 1720 stotelem
329 1707 344 1729 ,
366 1679 440 1729 qui
457 1679 698 1731 opinionem
726 1680 777 1721 de
801 1678 965 1720 Anime?
985 1680 1032 1719 in
1054 1679 1223 1735 quodvis
1241 1694 1336 1722 cor-

112 1765 192 1810 pus
211 1752 475 1808 ingrediente
497 1766 621 1796 vocat
644 1755 833 1797 Fabulas
858 1754 1224 1809 Pythagoreorum
1238 1783 1254 1807 ,
1285 1755 1337 1801 de

115 1829 265 1872 Anim.
294 1827 394 1876 Lib.
429 1830 463 1873 Ι.
496 1829 609 1883 Cap.
638 1831 717 1873 111..
750 1831 792 1882 §.
818 1841 895 1883 25:
927 1841 1007 1871 nos
1044 1829 1156 1871 hunc
1189 1831 1334 1879 locum

110 1906 178 1947 ita
199 1905 387 1958 accipere
416 1904 638 1957 debemus,
672 1915 718 1946 ut
740 1904 1018 1956 Aristoteles,
1043 1916 1129 1946 non
1146 1933 1161 1956 ,
1183 1914 1230 1946 ut
1253 1905 1334 1958 Py·

115 1980 306 2033 thagorei
350 1981 457 2022 hanc
502 1980 745 2034 opinionem
786 1992 866 2033 pro
910 1979 1055 2023 fabula
1078 1980 1334 2028 habuerint.

116 2056 306 2108 Deinde,
332 2068 465 2108 quum
488 2056 583 2108 ipsa
611 2055 771 2097 Timaei
796 2054 920 2096 verba
945 2055 1164 2109 diligenter
1188 2055 1335 2098 consi-

114 2131 215 2173 dero
243 2141 284 2174 et
317 2133 369 2173 ad
400 2131 726 2174 Grammaticam
755 2131 1140 2184 interpretationem
1173 2131 1332 2185 exigo,

114 2207 305 2258 reperio,
327 2206 472 2258 falsas
497 2208 704 2262 opiniones
726 2207 839 2258 diei,
871 2218 957 2248 non
986 2205 1336 2259 Metempsychoff·

117 2281 226 2332 sim,
258 2283 334 2323 sed
369 2281 544 2324 Homeri
581 2282 777 2335 figmenta
810 2282 859 2322 de
887 2280 1056 2325 Inferis,
1115 2281 1222 2323 Nam
1251 2283 1332 2324 ‘fi-

112 2361 288 2408 maeus‚
330 2358 501 2401 laudato
540 2359 705 2400 demum
740 2356 956 2408 Homero,
987 2357 1253 2410 progreditur
1277 2357 1330 2399 ad

117 2431 561 2489 metempsychosim,
605 2435 673 2478 his
714 2431 881 2476 verbis:
922 2435 1097 2487 λέγοιντο
1132 2435 1167 2480 δ’
1201 2439 1330 2487 οἰναγ-

765 2506 830 2552 LI
857 2521 885 2564 4
1238 2509 1329 2553 ual-
