1693 3110
352 184 413 227 G.
455 181 509 227 L.
553 176 1078 227 wassENAERu.
1269 188 1349 232 309

138 312 426 348 contemtores
461 301 572 343 haud
609 311 767 352 paucos
789 299 906 351 vidi,
938 298 1010 340 isti
1035 311 1130 340 cum
1158 310 1233 340 sua
1257 299 1343 341 sibi

134 381 357 422 veiocitate
400 376 562 421 indocti
605 382 886 427 manserunt,
931 382 996 425 et,
1047 383 1094 415 ut
1128 373 1344 417 Plutarchi

135 455 253 498 dicto
275 466 364 498 utar
376 483 394 506 ,

129 605 351 648 Vanitatis
372 614 412 647 et
434 606 717 659 arrogantiae
734 614 889 659 poenas
914 600 1148 651 dederunt,
1178 598 1278 642 dum

185 681 516 726 Evolt'taverunt
538 689 679 723 tenues
702 678 935 731 ceafamas
956 680 1003 718 in
1026 688 1175 718 auras.

178 834 268 889 Jam
303 846 400 876 vero
445 834 521 875 hac
554 834 794 876 scholarum
844 831 1122 885 repetitione,
1164 828 1331 871 discens

121 923 210 953 non
233 921 369 953 totum
402 911 639 953 studiorum
676 922 786 964 opus
802 908 1020 959 confecit,
1052 907 1122 949 sed
1145 906 1235 960 ejus
1259 918 1332 947 ne-

117 987 298 1027 cessaria
325 985 595 1028 fundamenta
611 985 727 1040 iecit.
789 984 943 1026 Restat
966 983 1074 1025 enim
1097 982 1326 1026 domestica

116 1061 244 1104 lectio
281 1062 490 1104 bonorum
528 1063 767 1113 librorum,
798 1069 982 1103 veterum
1016 1059 1057 1100 in
1082 1059 1229 1111 primis
1252 1070 1327 1100 au·-

114 1146 308 1180 ctorum:
351 1150 456 1190 quae
499 1138 542 1180 in
588 1137 749 1179 scholis
785 1145 874 1178 tota
919 1133 1115 1187 explicari
1148 1133 1325 1186 nequitf,

118 1214 277 1267 quippe
309 1213 352 1256 in
391 1215 548 1266 quibus
589 1212 791 1264 Homeri,
820 1212 1038 1262 Platonis,
1069 1211 1328 1263 Xenophon·

116 1290 173 1331 tis
189 1319 204 1340 ,
235 1289 484 1342 Ciceronis,
505 1289 699 1341 Horatii,
723 1288 925 1342 Virgilii,
949 1287 1126 1329 aliorum
1142 1317 1156 1338 ,
1189 1299 1323 1338 unum

110 1367 374 1418 alterumque
397 1367 549 1408 librum
572 1374 764 1407 accurate
796 1365 1143 1418 interpretamur3
1178 1374 1223 1406 ut
1249 1377 1324 1406 au-

114 1443 232 1485 ditor
268 1444 319 1485 ad
358 1443 540 1485 eamdem
578 1443 780 1487 rationem
817 1451 933 1485 totos
971 1443 1200 1494 scriptores
1224 1441 1321 1484 illos

110 1518 234 1572 legat.
295 1518 390 1574 Qua
424 1520 467 1561 in
503 1519 687 1561 lectione
724 1520 879 1560 rursus
908 1518 1139 1559 adhibenda
1160 1527 1222 1560 est
1245 1518 1324 1559 ite-

116 1603 202 1634 rata
230 1593 301 1635 illa
339 1593 562 1645 repetitio,
593 1592 907 1646 intelligentiam
943 1594 1131 1646 priorum
1166 1593 1324 1635 confir·

113 1679 257 1721 mans,
299 1668 564 1722 sequentium
601 1669 815 1721 aperiens,
863 1677 1137 1721 utrorumque
1164 1670 1321 1723 J'ucun.

112 1747 268 1787 diorem
304 1745 505 1787 reddense
549 1745 785 1786 inveniendi
816 1742 1056 1786 facultatem
1089 1757 1242 1788 acuens
1276 1757 1317 1789 et

108 1820 159 1863 ad
176 1817 522 1871 progrediendum
550 1817 755 1861 excitans·
817 1818 1019 1862 Discendi
1045 1820 1154 1862 enim
1179 1834 1224 1866 ea
1247 1833 1312 1863 est

105 1905 284 1946 natura,
316 1904 361 1935 ut
382 1907 426 1939 se
462 1894 618 1936 finibus
660 1895 992 1947 praescribendis
1013 1899 1200 1941 coerceri
1226 1911 1313 1947 non

106 1970 232 2015 sinat.
292 1969 436 2012 Veluti
469 1972 503 2013 si
543 1971 641 2024 quis
676 1972 944 2015 constituerit
979 1975 1158 2034 alicujus
1184 1977 1314 2020 disci-

101 2045 243 2099 plinae
271 2044 556 2098 cognitionem
591 2047 642 2088 ad
677 2056 836 2091 certum
871 2049 1093 2094 terminum
1114 2053 1310 2105 gradum,

105 2133 187 2173 que
207 2123 442 2175 consequi,
477 2122 513 2164 si
539 2123 651 2168 hunc
678 2125 850 2177 gradum
876 2128 1090 2181 attigerit,
1121 2142 1220 2172 mox
1244 2132 1311 2176 in-

101 2197 164 2239 fra
189 2209 281 2238 eum
308 2198 495 2250 labetur,
528 2210 568 2241 et
593 2201 839 2252 acquisitam
879 2205 1160 2256 cognitionem
1182 2209 1304 2250 amit-

100 2285 189 2324 tet,
220 2273 302 2315 nisi
323 2286 410 2317 eam
433 2275 638 2318 continua
660 2277 917 2331 cogitatione
940 2281 1097 2323 recolat
1119 2295 1166 2324 ac
1190 2296 1305 2337 repe-

99 2355 183 2391 tat:
215 2361 390 2402 comra,
423 2350 459 2392 si
480 2364 566 2395 eam
591 2354 746 2396 recolat
770 2367 816 2396 ac
842 2365 1030 2408 repetat,
1055 2370 1182 2411 supra
1206 2374 1307 2414 pro.

95 2425 285 2478 positum
334 2427 503 2480 gradum
552 2430 809 2483 adscendet,
863 2433 1083 2479 multarum
1116 2440 1306 2489 partium

99 2499 316 2557 notiones,
353 2514 457 2559 quas
493 2504 628 2549 adhuc
664 2507 888 2557 implicitas
917 2510 1204 2566 confusasque
1228 2513 1302 2553 ha-

702 2583 743 2628 V
771 2598 793 2642 3
1180 2589 1302 2647 buit,
