1693 3110
292 193 381 244 m:
409 187 934 237 lMMORTALITATE
965 176 1193 235 ANIMI(
1259 191 1345 247 635

479 368 821 421 SECT.
922 372 980 415 X.

577 521 649 566 De
682 522 898 567 Cicerone.

178 694 264 739 {am
287 695 337 738 de
366 708 392 739 c
409 708 466 739 tc
486 708 514 739 Ε
532 709 562 739 R
577 709 603 739 o
618 708 651 739 N
667 708 695 739 E
722 695 947 738 videndum
978 703 1072 747 est,
1105 702 1273 748 parente
1303 703 1350 738 ut
1370 712 1457 749 sect,
1479 712 1524 745 x.

121 771 405 825 Eloquentiae
427 774 484 815 ita
511 771 811 824 Philosophiae
833 770 1137 813 Romanorum.
1182 770 1249 811 De
1275 782 1351 811 cu·
1371 755 1505 789 Cicero.

121 849 193 903 J‘us
220 849 314 891 Viri
340 850 653 903 Philosophia,
683 847 767 890 dici
795 848 867 890 vix
898 856 1071 901 potest,
1100 858 1228 899 quam
1264 846 1348 889 ini-

124 937 206 977 qua
238 925 430 977 falsaque
462 925 548 967 sint
580 925 880 978 plerorumque
921 922 1202 964 recentiorum
1235 918 1350 976 J‘udi-

123 1000 219 1053 cia,
253 1013 383 1053 quum
421 1002 602 1053 dicunt,
635 1001 886 1043 Ciceronem
925 1000 990 1044 vel
1025 1011 1172 1051 parum
1207 997 1353 1040 Philo-

124 1076 302 1128 sophiae
339 1077 520 1119 scientia
557 1078 770 1129 valuisse,
809 1078 877 1119 vel
907 1077 1142 1118 fluctuasse
1176 1075 1350 1118 incertis

129 1153 411 1205 opinionibus
432 1154 601 1207 sibique
623 1154 765 1207 ipsum
791 1165 1049 1208 repugnasse
1067 1152 1158 1203 ‚vel
1178 1161 1226 1191 ut
1244 1150 1353 1191 Aca-

124 1228 333 1275 demicum
368 1230 429 1271 nil
454 1231 554 1271 certi
579 1230 778 1272 statuisse
796 1240 836 1272 et
862 1239 1011 1272 contra
1037 1228 1179 1270 omnia
1201 1227 1354 1279 dispu-

127 1318 253 1352 tasse.
297 1309 418 1364 Quae
441 1311 606 1362 quidem
629 1310 813 1364 iudicia‚
838 1310 955 1362 quod
982 1309 1071 1352 sine
1088 1308 1351 1364 -euJusquam

124 1383 285 1427 invidia
301 1385 459 1427 dictum
485 1385 639 1436 velim,
660 1385 799 1428 omnia
822 1382 1013 1436 profecta
1034 1395 1134 1426 sunt
1156 1397 1206 1425 ex
1227 1384 1353 1436 igno·-

125 1462 287 1505 ratione
317 1462 589 1504 Academicae
615 1460 791 1502 rationis
816 1470 856 1500 et
881 1459 1152 1502 Ciceroniani
1180 1459 1353 1500 institu-

123 1538 172 1581 ti.
217 1537 405 1592 Magnus
428 1538 500 1580 hic
527 1538 711 1590 aperitur
733 1535 1037 1588 disputationis
1070 1547 1276 1588 campus:
1306 1535 1352 1576 in

125 1625 213 1666 quo
239 1613 366 1655 nobis
397 1613 565 1665 quidem
591 1624 704 1654 nunc
726 1610 951 1664 exspatiari
977 1622 1066 1652 non
1091 1611 1208 1657 licet.
1270 1611 1353 1653 Sed

124 1699 289 1740 tamen,
306 1698 353 1730 ut
373 1698 412 1731 et
431 1689 626 1731 brevitati
648 1698 688 1730 et
710 1687 951 1740 quaestioni
973 1688 1218 1740 propositae
1252 1698 1354 1729 con-

128 1767 346 1815 sulamus,
377 1763 600 1805 cautiones
636 1761 923 1816 significemus
955 1761 998 1804 in
1023 1762 1172 1814 primis
1211 1762 1354 1804 obser-

125 1849 226 1882 vatu
246 1840 506 1882 necessarias
531 1840 583 1881 ad
608 1839 832 1882 Ciceronis
867 1839 1020 1892 placita
1046 1839 1353 1893 Philosophica

128 1926 240 1960 recte
265 1916 559 1970 intelligenda.

183 1997 217 2037 I.
247 1994 434 2036 Primum
461 1994 592 2048 igitur
617 1993 716 2034 baec
747 1992 904 2046 placita
931 2005 1019 2036 non
1040 2003 1193 2035 temere
1212 1993 1353 2035 aliun·

126 2069 175 2110 de
216 2082 340 2122 quam
386 2082 435 2111 ex
476 2069 596 2112 libris
646 2069 962 2121 philosophicis
1008 2071 1185 2122 petenda
1228 2079 1349 2113 sunt.

125 2143 235 2187 Nam
260 2144 303 2185 in
324 2143 603 2186 Orationibus
627 2156 714 2185 non
737 2157 854 2186 suam
876 2145 969 2198 ipse
989 2147 1233 2187 sententiam
1250 2159 1353 2199 pro·

130 2222 225 2271 dit,
268 2221 340 2261 sed
376 2207 556 2263 oratorie
594 2221 680 2275 agit
717 2231 758 2262 et
793 2233 967 2263 caussae
997 2221 1141 2266 servit.
1199 2221 1349 2275 ltaque

131 2296 491 2339 Immortalitatem
529 2299 782 2340 Animorum
822 2297 871 2339 ab
917 2310 964 2340 eo
1002 2308 1191 2351 negatam
1224 2311 1346 2351 esse,

130 2384 340 2424 perperam
380 2373 477 2425 quis
511 2374 699 2415 evincere
736 2383 911 2414 conetur
945 2386 992 2417 ex
1025 2372 1229 2416 Oratione
1263 2374 1348 2416 Pro

126 2448 359 2499 Cluentio,
390 2448 501 2503 Cap.
534 2452 605 2493 61,
671 2481 695 2501 „
727 2450 847 2491 Nam
881 2463 990 2490 mmc
1013 2449 1208 2507 quidem,
1240 2448 1351 2506 quid

129 2523 300 2569 tandem
326 2525 432 2570 malt*
464 2526 534 2570 illi
567 2540 678 2571 mors
699 2526 883 2570 attulit?
920 2528 1005 2570 m'si
1027 2526 1150 2581 forte
1169 2527 1347 2582 ineptiis⁴

182 2615 185 2618 '
1303 2609 1344 2642 et
