1693 3110
366 143 474 188 DE
541 140 986 189 UNITATE
1055 139 1228 187 DEI.
1324 155 1422 202 475*

194 269 240 322 S.
266 278 306 320 g.
340 267 413 307 ubi
448 263 591 315 confici
618 263 739 315 vult,
778 277 840 306 eos
876 267 912 306 si
945 267 1029 308 sint
1062 264 1244 316 diversi,
1290 264 1403 306 alte·

196 356 293 386 rum
326 341 475 397 aliqua
502 347 634 395 parte
662 340 963 394 perfectiorem
980 342 1096 395 fore.
1155 340 1286 396 Quod
1309 340 1407 392 qui-

197 419 289 461 dem
327 426 474 459 contra
507 427 626 464 esse,
659 413 787 455 miror
828 415 908 456 viri
943 418 1094 468 egregii
1128 428 1302 458 acumen
1334 412 1423 457 fu-'

197 506 327 548 gtsse.
401 490 514 532 Nam
559 489 596 531 si
639 498 743 532 sunt
790 490 969 540 dwersi,
1013 500 1116 532 sunt
1154 504 1326 534 numero
1361 500 1404 534 et

203 568 424 622 subjecto,
458 579 542 608 non
566 565 798 609 attrmutis.
859 565 1014 606 Verum
1042 565 1171 606 altero
1194 561 1422 608 d11emma-'

199 641 256 687 tis
291 642 508 695 disjuncto
535 641 816 694 labefactam,
847 652 935 683 non
967 652 1030 682 est
1056 640 1172 692 quod
1196 642 1245 682 de
1269 633 1398 684 altero
1422 633 1425 637 ⁴

200 718 378 763 dicatur.
1414 709 1419 714 ’

253 792 454 835 Ceterum
490 793 717 838 vanitatem
754 791 988 845 argumenti
1022 791 1149 844 huJ'us
1184 791 1405 844 reprehen-

198 868 350 910 derunt
381 869 503 909 etiam
539 869 705 920 quidam
742 879 915 918 eorum,
948 867 1022 919 qui
1057 868 1230 917 reliquls
1267 862 1420 911 tamen⁴

200 943 459 995 argumentis
512 943 843 985 mathematicam
884 926 1175 985 necessitatem
1219 942 1409 985 vindica-

195 1028 323 1069 runt,
355 1017 484 1058 veluti
522 1016 755 1061 Tollnerus
792 1020 822 1061 1.
858 1032 898 1062 c.
923 1011 1106 1059 Crusius
1129 1018 1161 1060 1.
1187 1028 1229 1058 c.
1254 1026 1294 1059 et
1314 1020 1406 1060 Lu-

197 1089 354 1141 lofsius
387 1092 426 1134 T
430 1094 542 1136 heol.
573 1094 679 1136 Nat.
710 1093 870 1137 Theor.
902 1095 945 1151 §-
977 1096 1047 1136 60.

549 1241 1051 1287 SECT.V.

216 1394 286 1442 De
314 1397 610 1452 argumentis,
640 1406 750 1450 quae
783 1403 1038 1450 repetuntur
1068 1407 1125 1436 ex
1151 1391 1381 1450 Principio

555 1468 758 1512 Rationis
788 1470 1041 1525 sufficientis.

246 1620 384 1664 Ecce!
408 1618 785 1663 demonstrationes
812 1628 1071 1672 quaeruntur
1088 1620 1190 1662 aliae
1212 1632 1261 1662 ex
1282 1619 1401 1662 Prin-

189 1697 303 1749 cipio
328 1696 587 1738 Caussarum
607 1724 621 1746 ,
649 1695 767 1747 quod
790 1695 833 1737 in
862 1695 1072 1741 Wolfiana
1097 1696 1241 1737 schola
1265 1686 1404 1736 Prin·

186 1772 289 1826 cipit·
324 1770 527 1814 Rationis
554 1770 790 1823 sufficientis
819 1770 990 1811 nomine
1020 1764 1275 1814 Celebratur.

250 1857 289 1886 1.
327 1843 615 1886 Womms
653 1843 809 1886 Theol.
834 1844 936 1887 Nat.
957 1844 1050 1886 P.1.
1082 1844 1104 1896 §
1154 1856 1276 1898 1107.
1305 1854 1398 1889 not.
1434 1885 1442 1894 ,

187 1932 238 1963 ex
269 1918 483 1972 principio
511 1918 896 1962 Indiscernibilium
919 1932 963 1962 se
987 1920 1031 1962 in
1059 1921 1165 1962 hanc
1190 1914 1410 1963 convertit*

183 1994 613 2050 argumentationem:
675 2025 711 2047 „
737 1997 802 2046 ei,
833 1994 945 2050 quod
966 1995 1188 2051 possibile,
1220 1998 1406 2038 existen·

193 2100 229 2124 „
261 2072 349 2112 tiae
384 2084 465 2111 non
491 2079 702 2126 repugnat
711 2086 730 2124 ‚·
760 2078 808 2111 ut
829 2083 926 2114 vero
958 2074 1145 2124 existat,
1176 2074 1291 2123 ratio
1313 2071 1405 2124 sufi-

192 2175 228 2197 ,‚
253 2143 397 2196 ficiens
438 2145 565 2189 detur
599 2159 755 2187 necesse
796 2154 881 2198 est,
925 2160 1004 2188 eur
1044 2150 1202 2190 existat
1236 2150 1402 2202 potius,

190 2248 225 2271 „
256 2233 381 2275 quam
419 2235 516 2264 non.
595 2219 726 2277 Quod
764 2225 800 2267 si
827 2221 928 2274 jam
973 2235 1042 2264 ens
1089 2224 1179 2265 ideo
1221 2224 1398 2274 existit,

191 2324 229 2347 ,,
259 2299 363 2350 quia
391 2297 615 2351 possibile,
657 2295 1000 2353 quemadmodum
1054 2297 1105 2339 de
1147 2297 1261 2339 Ente
1299 2311 1328 2338 a
1360 2310 1402 2338 se

191 2399 226 2422 „
259 2371 536 2426 ostendimus,
580 2384 878 2429 consequenter
919 2373 970 2415 de
1023 2361 1140 2426 Deo,
1183 2382 1224 2414 et
1269 2386 1398 2415 unum

191 2474 228 2500 2,
258 2448 541 2491 tantummodo
583 2449 817 2494 istiusmodi
868 2449 988 2506 Ens,
1021 2447 1217 2508 possibile
1261 2450 1400 2489 conei-

1274 2549 1310 2578 υ
1334 2510 1407 2578 piss
