1693 3110
230 167 369 214 '202'
601 160 1089 208 EPISTOLA

291 291 372 332 W.
413 285 600 328 Nescio:
633 279 801 324 noverit
831 279 1114 336 philalethes,
1159 285 1232 338 qui
1262 298 1376 334 unus
1407 288 1453 337 in

234 364 386 425 paucis
407 357 660 404 nostratium
687 355 896 411 plurimos
921 357 1112 402 homines
1135 362 1277 404 novit.

292 438 387 482 PH.
432 434 562 477 Hunc
586 432 752 487 quidem
773 445 860 476 non
880 435 1025 479 nimis.
1086 435 1200 478 Illud
1221 437 1454 486 duntaxat:

226 528 330 560 eum
351 511 506 554 Leidae
528 509 810 565 Theologiam
833 511 1060 554 didicisse:
1078 513 1224 555 deinde
1244 514 1331 556 ruri
1352 528 1456 558 con-

233 591 400 635 cionale
422 587 702 630 sacerdotium
725 586 970 640 factitasse,
1000 596 1040 630 et
1062 589 1261 632 adversus
1282 590 1449 633 Bonne-

234 669 372 716 tium,
402 662 685 706 clarissimum
724 661 1027 717 Theologum,
1057 678 1136 717 pro
1171 666 1360 709 libertate
1381 680 1457 710 co-

236 742 396 799 gitandi
434 741 493 782 sic
529 739 782 792 scripsisse,
815 740 938 792 quasi
970 752 1050 794 pro
1074 740 1156 782 aris
1189 750 1228 782 et
1250 741 1361 784 focis
1385 743 1456 785 de·

235 829 436 863 cettaretz
470 828 541 870 per
564 826 689 867 quam
713 814 829 857 litem
854 813 991 868 primo
1011 816 1045 870 ej
1054 828 1102 857 us
1121 827 1275 858 nomen
1296 829 1467 872 cogno--

238 903 302 944 sci
329 897 515 948 mihique
541 895 805 937 innotescere
830 894 989 947 coepit.

289 975 393 1018 CR.
445 972 512 1014 En
546 979 874 1013 consentaneum
911 970 994 1011 sibi
1025 969 1263 1013 hominem!
1305 973 1379 1025 qui
1414 971 1460 1015 in

237 1053 279 1096 T
283 1050 478 1104 heologia
504 1048 735 1089 libertatem
763 1047 981 1100 cogitandi
1004 1056 1201 1100 tueatur,
1241 1049 1286 1089 in
1318 1049 1466 1090 Philo-

238 1127 389 1181 sophia
413 1124 563 1178 migret
580 1154 597 1175 ,
628 1136 675 1163 ac
701 1122 997 1164 dissentientes
1023 1133 1161 1166 vexet,
1211 1124 1292 1165 Sed
1317 1136 1467 1177 narra,

240 1214 402 1257 quaeso
418 1199 736 1252 ‚Phila-ethes,
763 1197 948 1249 reliquas
971 1208 1036 1238 res
1063 1200 1153 1252 ejus
1169 1228 1185 1249 ,
1201 1211 1304 1249 quas
1333 1200 1466 1243 nosti.

245 1289 251 1294 ’
294 1278 388 1322 PH.
431 1276 592 1318 Paucae
621 1282 739 1319 sunt.
801 1272 942 1324 Nam,
981 1272 1176 1315 abdicato
1201 1274 1471 1326 sacerdotio,

237 1354 600 1400 Amstelodamum
631 1348 747 1393 venit
761 1380 776 1401 ,
796 1348 941 1401 ibique
958 1360 1096 1391 senem
1118 1359 1312 1390 nostrum
1334 1349 1473 1391 Meer·

244 1431 411 1474 schium
446 1425 656 1478 obsequio
682 1425 954 1476 demulcens,
985 1425 1118 1479 hujus
1141 1425 1471 1468 commendatio·

239 1518 294 1550 ne
327 1505 442 1547 illam
475 1501 715 1543 cathedram
754 1498 960 1541 obtinuit.
1021 1498 1088 1539 Ex
1124 1510 1206 1550 qua
1237 1510 1330 1540 eum
1362 1501 1469 1542 duas

242 1580 456 1625 orationes
480 1575 658 1618 Latinas
686 1574 906 1615 habentem
931 1572 1074 1614 audire
1099 1585 1162 1614 me
1186 1574 1379 1616 meminit
1413 1577 1475 1617 al-

240 1674 371 1705 teram
409 1656 674 1710 auspicando
728 1653 923 1704 muneri,
965 1654 1135 1694 alteram
1170 1652 1386 1695 funebrem
1425 1655 1469 1700 in

242 1740 409 1783 obitum
435 1733 690 1776 Meerschii:
724 1743 822 1772 cum
860 1729 1025 1782 quidem
1053 1731 1097 1772 in
1122 1740 1299 1783 utraque
1324 1732 1475 1774 incon·

241 1819 377 1859 ditum
407 1812 512 1866 quid
535 1819 576 1852 et
605 1809 849 1862 subagreste
874 1808 1097 1860 clamaret,
1130 1810 1251 1860 quasi
1292 1811 1344 1853 ad
1377 1823 1474 1852 sur-

245 1893 326 1934 dos
351 1888 538 1931 rusticos
561 1886 723 1928 dicens.
785 1883 1038 1926 Orationum
1062 1883 1290 1925 Latinitate
1312 1885 1334 1925 a
1363 1885 1470 1925 scri-

245 1979 371 2024 ptore
395 1965 614 2021 cujusdam
643 1962 935 2016 Ephemeridis
967 1961 1158 2015 Belgicae
1186 1961 1435 2015 reprehensa
1452 1994 1468 2014 ,

245 2045 298 2093 ab
330 2046 413 2085 hoc
441 2042 571 2096 gradu
596 2043 816 2096 (injectus,
847 2052 891 2082 se
925 2040 976 2081 ad
1006 2039 1172 2094 Belgice
1200 2039 1470 2082 scribendum

244 2121 417 2173 recepit.
478 2118 628 2160 Paucis
653 2127 752 2170 post
776 2117 928 2170 anniS,
953 2117 1144 2159 abdicata
1172 2117 1366 2158 cathedra
1385 2148 1398 2169 ,
1429 2117 1473 2159 in

246 2196 563 2250 VVestpi-laliam
598 2195 832 2238 habitatum
869 2195 990 2238 abiit.
1053 2194 1162 2235 Mox
1186 2193 1282 2235 inde
1319 2193 1477 2244 redux,

247 2274 463 2322 Kantiano
485 2277 622 2318 afflatu
645 2275 879 2317 instinctus
894 2275 1152 2326 ,doctrinam
1179 2274 1221 2314 iu
1248 2273 1475 2315 Germania

248 2362 352 2395 tune
376 2352 458 2407 Jam
477 2351 679 2392 labentem
697 2382 712 2402 ,
734 2353 807 2393 sed
829 2350 907 2392 sibi
928 2349 1277 2401 nostratibusque
1293 2361 1444 2392 novam
1460 2378 1478 2401 ,

248 2426 372 2482 quasi
400 2435 498 2479 post
523 2425 677 2466 festum
714 2426 926 2469 venditare
965 2439 1010 2467 ac
1047 2426 1262 2480 divulgare
1300 2426 1476 2478 coepit:

247 2504 460 2548 Criticum
489 2501 698 2545 Horreum
725 2501 1047 2556 instituit,inde
1067 2502 1201 2545 veluti
1233 2503 1255 2545 ὲ
1287 2501 1479 2555 superio·

1428 2586 1474 2618 re
