1693 3110
305 156 363 200 50
676 135 1156 183 EPISTOLA

315 269 372 312 mi
394 263 578 314 130501Ίί9
608 271 710 302 tuus
733 259 841 312 fuit,
874 258 948 312 qui
972 270 1122 310 meus,
1155 257 1306 300 dolor?
1366 258 1532 311 Scripsi

316 341 524 386 continuo
555 338 607 379 ad
643 336 731 387 Te,
763 335 975 377 consolari
1010 334 1074 377 Te
1113 335 1318 386 studens,
1353 347 1530 383 monens

316 428 365 461 ut
386 414 569 469 egregias
596 411 688 453 illas
713 409 1019 452 consolatorias
1042 409 1241 460 epistolas
1273 409 1493 453 Ciceronis
1510 442 1528 465 a

314 492 521 538 Senecae,
552 485 792 538 Plutarchi,
830 498 934 537 quas
959 486 1171 537 quondam
1208 484 1339 527 illaesi
1365 496 1402 526 et
1429 486 1537 526 inte·

318 568 380 620 gri
415 561 605 605 admirati
630 573 846 612 essemu8‚
879 561 1078 614 relegeres
1115 573 1226 602 nunc
1260 561 1332 602 ubi
1368 561 1419 602 ad
1451 571 1537 607 rem

319 652 492 685 ventum
519 647 650 680 esset:
675 645 876 684 caeterum
902 646 1170 688 quantocyus
1191 638 1242 678 ad
1263 650 1324 678 me
1346 636 1538 686 venires,

319 728 368 760 ut
405 729 484 760 una
519 716 775 768 lugeremus.
845 711 1041 754 Venisti:
1073 713 1251 754 comites
1289 713 1391 754 Tibi
1423 719 1540 754 erant

318 792 552 847 Gregorius
603 801 643 831 et
677 789 1031 839 Nieuwlandiusfl
1074 797 1252 839 uterque
1295 788 1398 830 heu!
1451 790 1539 842 jam

319 869 446 915 nobis
469 876 639 918 ereptus
659 879 671 907 ε
709 865 785 916 qui
809 874 911 907 tunc
938 876 1099 906 mecum
1126 864 1191 905 Te
1212 866 1422 918 lugentem
1444 877 1540 908 sus-

319 942 560 992 tentabant,
576 950 675 995 post
698 953 719 981 a
744 939 870 982 nobis
898 952 977 982 nna
1004 941 1173 993 lugendi
1199 951 1328 983 erant.
1360 940 1406 982 N
1411 941 1540 981 ieuw-

320 1021 514 1071 landius‚
545 1031 645 1060 mox
669 1026 871 1070 sequente
905 1029 1045 1058 annot
1076 1015 1312 1069 Gregorius
1342 1027 1437 1058 ante
1460 1016 1542 1059 hos

321 1093 615 1148 duodeviginti
665 1103 860 1134 menses:
905 1090 1022 1131 illius
1063 1102 1203 1132 manes
1240 1089 1542 1132 honoravimus

320 1172 366 1214 in
402 1171 500 1212 Vita
530 1169 586 1212 D.
610 1167 880 1209 Ruhnkenii:
920 1165 1018 1207 huic
1054 1166 1096 1206 in
1126 1166 1201 1207 hac
1238 1166 1329 1218 ipsa
1360 1165 1541 1218 epistola

320 1244 623 1289 satifaciernus.
687 1242 767 1290 Sed
800 1241 920 1283 redeo
950 1241 993 1281 in
1021 1241 1129 1281 illud
1155 1250 1338 1293 tempus.

381 1320 565 1362 Venetas
595 1318 645 1359 ad
669 1329 751 1360 nos
773 1328 870 1362 cum
898 1316 1123 1367 lacrymis:
1157 1315 1232 1356 has
1261 1325 1454 1358 nostrum
1484 1317 1543 1358 al.

327 1400 523 1452 loquium
554 1395 832 1450 abstergebat.
861 1394 957 1437 Nos
980 1394 1044 1437 Te
1070 1406 1091 1435 a
1114 1393 1291 1435 recentis
1313 1394 1542 1447 cogitatio.-

331 1489 384 1520 ne
406 1487 530 1524 casus
553 1474 759 1520 abducere
783 1471 1078 1519 tentabamus:
1121 1470 1192 1516 Tu
1218 1482 1303 1515 eam
1327 1482 1546 1516 consecta-

332 1553 474 1596 baris:
518 1550 772 1603 quaerebas,
810 1549 969 1602 quibus
1002 1549 1109 1591 locis
1138 1560 1259 1590 soror
1290 1548 1501 1602 ambulare
1525 1582 1544 1603 ‚
1569 1557 1576 1561 ⁷

334 1626 516 1678 morari⁹
540 1625 734 1668 delectari
766 1624 1072 1667 consuevisset.
1130 1622 1245 1665 Haec
1276 1623 1345 1666 Tu
1369 1624 1462 1667 loca
1486 1637 1549 1667 res

335 1705 537 1758 petebas,
575 1703 690 1743 illius
727 1701 905 1754 vestigia
940 1701 1154 1755 relegens,
1197 1701 1340 1753 pedem
1385 1714 1548 1755 ponens

337 1780 414 1823 ubi
443 1780 532 1831 ipsa
567 1779 815 1832 posuisset:
847 1778 1049 1828 arbores,
1082 1788 1185 1828 quas
1222 1777 1312 1829 ipsa
1345 1788 1554 1833 amasset,

339 1866 537 1912 spectans
560 1868 598 1897 et
622 1864 914 1897 contrectans:
950 1862 1093 1907 prata,
1126 1853 1235 1893 unde
1267 1853 1390 1895 flores
1426 1856 1553 1898 colle-

341 1935 502 1987 gis-set,
528 1932 703 1982 obiens,
730 1933 915 1972 lustrans
931 1961 946 1982 ,
972 1931 1151 1981 indeque
1176 1940 1304 1970 aerem
1343 1940 1550 1985 captans;

339 2009 379 2051 si
407 2007 515 2049 forte
536 2007 717 2059 aliquam
749 2007 924 2049 dilectae
951 2005 1156 2047 animulae
1186 2016 1325 2046 auram
1350 2006 1486 2050 adhuc
1509 2008 1555 2053 in

343 2085 411 2126 his
434 2084 554 2125 terris
578 2095 795 2137 vagantem
819 2083 970 2136 spiritu
994 2082 1086 2136 ipse
1108 2092 1184 2123 tuo
1213 2082 1441 2136 exciperes.
1493 2083 1557 2126 lta

341 2170 383 2203 te
406 2161 640 2211 tractabas,
663 2161 827 2213 tibique
860 2159 1175 2202 satisfaciebas:
1212 2168 1252 2200 et
1286 2173 1420 2213 prope
1455 2173 1561 2205 con-

342 2235 532 2277 firmatus
558 2236 727 2277 domum
756 2235 935 2277 redibas.
988 2234 1052 2275 lbi
1076 2246 1175 2276 vero
1202 2233 1293 2288 ipsa
1315 2237 1467 2279 domus
1492 2237 1559 2279 lu-

345 2319 461 2352 ctum
489 2311 727 2354 renovavit:
757 2312 975 2363 solitudo,
1005 2309 1194 2352 vacuitas
1212 2340 1227 2362 ‚
1258 2311 1445 2355 absentia
1473 2316 1559 2359 car-i

345 2389 498 2441 capitis
515 2390 631 2443 ‚ejus
653 2388 791 2443 imago
818 2402 864 2431 ac
887 2388 1138 2430 desiderium
1156 2417 1171 2439 a
1186 2387 1344 2441 ubique
1368 2401 1560 2432 occurre-

343 2462 440 2509 bat:
456 2463 537 2505 hoc
559 2463 778 2517 loc02110c
801 2464 928 2509 solita
951 2472 1035 2510 etat
1057 2474 1204 2520 agere,
1221 2462 1299 2507 illo
1319 2463 1449 2506 illud:
1472 2463 1557 2507 hoe

1457 2549 1561 2587 tem·
