1693 3110
256 156 350 218 1⁶65
423 156 887 212 PROLE'GOMENA
915 164 979 202 nx
1007 137 1296 204 ED1T10N²E

250 301 332 345 que
355 287 653 331 defunctorum
687 279 918 323 retulisset.
979 281 1058 324 Sed
1081 291 1300 335 antequam
1327 282 1376 324 ad
1397 279 1461 325 fa.

249 368 393 411 bulam
419 357 609 410 accedit,
638 356 869 410 praemittit
890 356 1177 410 gravissimam
1205 357 1460 409 disputatio-

250 454 345 487 nem
359 468 374 492 ,
394 436 479 490 qua
499 431 674 476 Animae
696 431 1051 474 Immortalitatem
1072 432 1356 474 demonstrare
1374 443 1466 474 stu-

250 519 337 561 det,
407 511 549 566 Quare
583 506 766 548 fabulam
802 519 915 548 nunc
954 507 1120 560 quidem
1160 507 1465 560 praetermitta-

250 603 378 642 mus,
417 583 813 629 demonstrationem
849 592 948 624 vero
977 582 1319 625 consideremus:
1357 595 1467 626 eam·

252 680 367 723 que,
413 658 750 717 quandoquidem
798 657 1067 711 longiuscula
1099 668 1197 710 est,
1241 671 1329 702 uon
1362 659 1469 712 ipsis

249 725 508 791 Phiioscphi
529 735 668 777 verbis
695 732 951 785 referamus,
982 733 1055 775 sed
1076 735 1318 776 summatim
1350 735 1469 776 exhi..

250 820 427 861 beamus
445 843 460 865 ,
491 820 537 854 ut
560 812 651 863 ejus
674 819 809 851 tamen
835 810 899 850 vis
923 818 961 850 et
985 809 1235 851 consecutio
1259 820 1470 863 appareat.

250 890 369 938 Haec
393 889 523 943 igitur
544 897 706 927 summa
730 895 792 925 est
818 883 1149 936 disputationis,
1171 897 1275 937 quae
1300 878 1476 928 liabetur

251 983 301 1024 p.
328 966 412 1022 516
445 973 485 1005 et
514 974 611 1016 517.
678 991 704 1011 „
735 960 792 1008 ln,
820 970 952 1000 rerum
991 961 1138 1000 natura
1175 969 1274 1002 sunt
1311 962 1373 1001 vel
1406 973 1486 1015 res-

255 1045 426 1092 bonae,
457 1039 524 1082 vel
559 1038 716 1088 malae,
749 1035 814 1076 vel
857 1033 1151 1076 indifferentes.
1211 1034 1352 1076 Bonae
1375 1045 1480 1078 sunt

256 1132 362 1174 quae
395 1129 463 1158 eas
499 1126 596 1165 res,
641 1112 798 1164 quibus
842 1110 1019 1161 insunt,
1064 1120 1257 1152 servant:
1308 1110 1476 1165 Malae,

259 1206 368 1250 quae
391 1203 460 1233 cas
495 1189 747 1230 destruunt:
782 1184 1100 1236 lndifferentes,
1134 1198 1238 1237 quae
1278 1199 1475 1230 neutrum

256 1261 440 1315 faciunt.
515 1261 577 1304 Ita
611 1261 863 1314 corporibus
902 1259 1174 1301 animantium
1215 1262 1367 1303 malum
1414 1274 1481 1306 est

259 1344 465 1394 morbus,
495 1338 695 1392 frugibus
738 1350 921 1390 aerug0‚
963 1335 1080 1389 ligno
1119 1338 1327 1389 putredo,
1370 1337 1483 1382 ferro

264 1420 450 1472 1-ubigo,
481 1415 576 1456 aliis
610 1413 715 1465 alia3
756 1410 913 1464 quibus
942 1410 1062 1452 malis
1087 1422 1150 1451 res
1177 1410 1345 1454 affectae
1367 1426 1488 1466 pere.

257 1506 356 1540 unt.
418 1489 551 1543 Atqui
575 1490 750 1531 Animae
775 1488 928 1528 malum
956 1495 1019 1528 est
1065 1485 1302 1540 injustitia,
1334 1488 1483 1531 intem.

260 1568 483 1627 perantia,
513 1564 744 1614 timiditas,
777 1562 1043 1614 insipientia:
1085 1563 1133 1603 de
1168 1563 1325 1614 quibus
1363 1565 1484 1608 nullo

261 1654 390 1703 pacto
429 1641 596 1684 ostendi
633 1648 802 1692 potest,
839 1650 907 1680 eas
945 1638 1066 1678 talem
1104 1636 1189 1679 vim
1227 1637 1403 1691 habere,
1437 1649 1486 1682 ut

264 1721 444 1767 Animae
470 1726 646 1759 mortem
679 1713 881 1755 adferant.
940 1713 1073 1755 Porro
1096 1726 1158 1754 res
1184 1725 1355 1766 omnes,
1379 1727 1488 1767 quae

263 1810 353 1841 non
373 1796 542 1837 interno
565 1803 644 1832 suo
683 1789 831 1830 morbo
867 1797 907 1828 et
943 1789 1075 1839 malo,
1104 1789 1177 1830 sed
1209 1792 1378 1831 externa
1411 1790 1487 1843 vi,

263 1878 471 1927 pereunt,
501 1878 588 1909 non
612 1875 751 1906 tamen
771 1864 826 1905 ita
843 1873 1045 1916 pereunt,
1079 1875 1125 1904 ut
1152 1876 1315 1905 externa
1338 1878 1487 1908 caussa

265 1944 446 1991 sufficiat
460 1943 509 1983 ad
525 1939 758 1982 interitum:
786 1939 857 1980 sed
879 1937 978 1980 fons
1001 1949 1041 1979 et
1063 1939 1183 1992 origo
1207 1940 1400 1983 interitus
1422 1954 1487 1984 est

268 2023 315 2065 in
349 2021 459 2063 malo
493 2016 687 2066 interno,
719 2014 834 2067 quod
856 2026 995 2056 ansam
1021 2015 1190 2067 praebet
1221 2027 1346 2067 atque
1381 2017 1491 2059 cedit

266 2098 312 2141 vi
339 2105 546 2138 externae.
587 2090 668 2132 Sed
684 2090 860 2132 Animae
881 2091 1035 2132 malum
1057 2103 1144 2132 non
1165 2091 1373 2144 ejusmodi
1395 2102 1486 2145 est,

269 2173 319 2215 ut
340 2171 405 2213 vel
430 2170 570 2222 ipsum
599 2168 740 2208 solum
784 2166 956 2208 Animae
991 2175 1162 2208 mortem
1204 2165 1389 2219 adferat,
1422 2169 1491 2209 vel

270 2248 324 2291 ab
347 2246 516 2289 externa
540 2244 581 2284 vi
607 2243 658 2284 ad
680 2243 856 2284 Animae
877 2242 1090 2283 interitum
1116 2241 1305 2283 converti
1325 2242 1482 2295 possit.

270 2324 390 2376 Ergo
417 2320 569 2362 Anima
600 2330 674 2360 nec
701 2319 751 2359 ab
777 2318 936 2359 interna
960 2330 1035 2358 nec
1058 2317 1108 2357 ab
1136 2320 1305 2359 externa
1333 2319 1487 2360 caussa.

272 2400 325 2441 ad
349 2396 560 2438 interitum
593 2394 740 2434 deduci
767 2403 923 2445 potest.
973 2392 1187 2439 ⁷Praeterea
1225 2394 1331 2434 illud
1358 2393 1492 2434 anim-

275 2471 571 2516 advertendum
612 2479 701 2509 est:
739 2469 987 2511 Animarum
1023 2479 1244 2512 numerum
1278 2479 1353 2511 nec
1375 2479 1501 2521 auge-

1463 2555 1499 2586 n
