1693 3110
277 185 366 244 284
576 180 1186 227 DISPUTATIO

274 312 342 353 ,tia
367 315 564 363 apparet,
596 316 691 346 eum
730 304 779 345 de
814 304 946 356 prima
981 316 1130 347 caussa
1156 317 1349 352 movente
1367 322 1407 355 et
1431 312 1495 355 in.

280 386 520 438 telligente‚
564 391 690 433 quam
715 377 867 434 Jovem
900 389 1055 432 vocat,
1087 389 1135 422 ut
1170 381 1221 423 de
1255 384 1378 428 unica
1413 364 1496 430 sta-

274 460 425 502 tuisse.

336 532 566 576 Veniamus
590 531 643 574 ad
664 531 982 586 philosophos,
1015 546 1198 587 quorum
1230 537 1343 590 apud
1367 536 1499 581 Grae·

273 622 349 652 cos
370 610 528 663 duplex
566 617 630 651 est
662 608 855 651 universe
889 608 1068 652 familia:
1101 610 1272 665 Ionica,
1306 612 1496 666 profecta

274 698 298 728 a
337 685 544 728 Thalete:
590 694 630 725 et
666 684 837 737 Italica,
877 697 983 738 quae
1015 699 1038 728 a
1070 686 1307 740 Pythagora
1343 688 1495 733 fluxit:

272 773 446 814 quarum
481 759 593 802 haud
623 759 744 812 scio,
783 772 834 802 an
866 771 978 802 unus
1011 761 1068 804 sit
1098 762 1197 805 fons
1228 763 1272 805 in
1305 763 1498 807 doctrina

270 835 550 889 Pherecydea.
612 834 749 878 Ionici
788 836 965 879 maxime
999 837 1043 879 in
1083 838 1352 891 exquirendis
1374 851 1498 880 caus·

269 913 328 954 sis
364 924 498 953 rerum
535 911 789 954 naturalium
830 911 1128 965 versabantur,
1158 925 1228 965 et,
1260 923 1308 956 ut
1337 914 1394 956 ait
1416 914 1495 956 So-

270 1000 406 1031 crates
431 988 542 1040 apud
567 987 894 1041 Xenophontem
919 986 1100 1042 ’Λπομν.
1128 991 1147 1031 Ι
1167 1019 1182 1040 ,
1210 1002 1228 1030 1
1246 1018 1262 1041 ,
1289 1001 1358 1033 11.
1391 989 1495 1039 ὅπως

269 1067 292 1109 ὁ
317 1066 556 1117 καλεύμενος
595 1065 670 1108 ὑπὸ
705 1068 781 1107 ’τῶν
805 1068 1004 1117 σοφιστῶν
1041 1064 1185 1118 κόσμος
1211 1066 1318 1120 ἔφυ,
1348 1066 1415 1109 καὶ
1435 1068 1497 1109 τί·

268 1158 328 1185 σιν
350 1143 549 1192 ἀνάγκαις
569 1138 726 1183 ἕκαστοι
757 1142 910 1191 γίνεται
934 1145 1009 1184 τῶν
1032 1142 1225 1194 οὐρανίων.
1266 1139 1396 1195 Quod
1420 1135 1499 1180 mi-

270 1216 383 1260 nime
417 1215 472 1256 ita
495 1225 558 1256 est
581 1215 871 1268 accipiendum
889 1245 905 1267 ,
936 1228 982 1256 ac
1010 1217 1047 1258 si
1076 1216 1215 1257 omnia
1248 1215 1496 1269 posuissent

267 1292 314 1335 in
349 1290 540 1332 materiae
589 1302 815 1342 rerumque
858 1302 1157 1343 corporearum
1198 1290 1361 1332 viribus
1387 1321 1402 1342 ‚
1452 1297 1495 1330 et

268 1369 428 1411 nullam
456 1374 614 1420 partem
649 1365 922 1418 reliquissent
957 1377 1132 1408 caussae
1153 1365 1346 1407 efficienti
1371 1364 1497 1406 intel-

266 1442 430 1497 ligenti.
491 1440 608 1483 Nota
646 1450 711 1483 est
742 1441 947 1483 sententia
980 1453 1297 1486 THALETIS
1340 1441 1403 1482 vel
1444 1450 1496 1483 ex

267 1518 476 1562 Cicerone
510 1515 613 1558 Nat.
652 1516 782 1559 Deor.
814 1516 861 1567 Ι,
895 1527 965 1557 10.
1007 1529 1166 1571 aquam
1204 1529 1284 1557 esse
1323 1518 1499 1558 initium

268 1598 449 1638 omnium
475 1606 621 1634 rerum
638 1605 653 1631 .·
684 1589 824 1633 Deum
860 1597 1000 1632 autem
1034 1604 1125 1633 eam
1151 1601 1325 1633 mentem
1343 1622 1358 1643 2
1390 1604 1498 1647 quac

268 1684 322 1714 cx
349 1683 464 1726 aqua
483 1676 639 1710 cuncta
655 1665 856 1721 fingeret.
911 1664 975 1707 Ut
998 1664 1171 1707 fallatur
1193 1667 1499 1722 Augustinus,

270 1746 376 1789 Civ.
404 1745 482 1787 Dei
504 1744 616 1795 VII,
650 1755 691 1785 2.
717 1743 790 1795 qui
813 1741 902 1794 ait,
939 1741 1153 1784 Thaletem
1179 1742 1248 1784 m'l
1264 1744 1361 1783 huic
1384 1741 1503 1798 operi

269 1835 323 1864 ex
345 1830 481 1863 mente
512 1819 679 1863 Divina
708 1820 1026 1874 praeposuisse:
1061 1818 1133 1870 qui
1168 1831 1282 1860 error
1309 1819 1404 1860 inde
1428 1829 1500 1859 na·

274 1909 344 1940 tus
369 1896 563 1947 videtur,
596 1895 714 1946 quod
738 1893 896 1935 Thales
922 1894 1090 1945 Deum,
1123 1905 1210 1936 non
1233 1902 1349 1936 extra
1377 1904 1500 1933 mun·

275 1974 317 2014 di
341 1972 575 2013 machinam
597 1970 787 2023 positum
805 2000 820 2022 ‚
846 1971 918 2012 sed
940 1983 1014 2023 per
1035 1982 1121 2011 eam
1144 1979 1272 2010 totam
1297 1964 1501 2009 diffusum

270 2059 365 2090 csse
397 2045 553 2089 voluit.
612 2045 808 2088 Aliorum
826 2076 840 2098 ‚
876 2045 950 2098 qui
975 2045 1213 2099 Augustini
1235 2055 1409 2084 errorem
1434 2055 1502 2083 se·-

273 2130 494 2175 quuntur,
527 2120 753 2175 opiniones
773 2121 981 2174 disceptat
1002 2120 1034 2164 I.
1060 2120 1093 2163 Ι.
1125 2119 1360 2160 Bruckerus
1377 2117 1498 2160 Hist-

270 2197 383 2241 Crit.
418 2196 533 2239 Phil.
564 2196 619 2241 T.
652 2200 690 2241 Ι.
734 2212 778 2251 p.
811 2200 910 2252 468.
976 2195 1221 2238 Ciceronem
1258 2202 1500 2246 sequuntur

273 2273 491 2317 Minutius
517 2272 634 2315 Felix
669 2286 760 2327 cap.
789 2287 857 2331 19.
883 2282 923 2317 et
944 2270 1196 2314 Lactantius
1227 2269 1338 2311 Inst.
1365 2271 1414 2319 Ι,
1439 2280 1495 2322 53

275 2361 455 2403 quorum
483 2348 775 2392 testimonium
801 2351 844 2393 in
871 2352 946 2392 hac
971 2360 1118 2390 caussa
1152 2345 1368 2398 repudiare
1391 2342 1501 2385 diffi-

272 2425 352 2467 cile
389 2434 488 2466 est:
533 2435 764 2477 eorumque
807 2438 943 2468 veram
988 2435 1079 2466 esse
1125 2421 1368 2463 sententiam
1405 2419 1500 2473 ipsa

276 2498 473 2545 Thaletis
497 2500 605 2544 ratio
628 2500 867 2559 significat,
899 2499 1024 2556 cujus
1049 2497 1167 2542 initia
1193 2498 1318 2541 ducta
1350 2503 1454 2539 suut
1475 2504 1499 2534 a

1395 2567 1502 2613 Phe-
