1693 3110
262 179 317 211 'aa
625 164 1106 210 EPISTOLA

262 290 519 333 Graecorum
545 297 725 338 paucae:
759 292 865 325 caret
890 283 1038 326 Plato:
1062 293 1101 326 et
1120 285 1369 332 Aristoteles
1391 290 1471 332 alia

264 366 369 416 quid
402 362 581 413 amplius
618 359 820 400 desiderat
857 371 980 410 quam
1022 359 1327 415 Sylburgianos
1367 364 1473 405 indi-

260 453 356 491 ceS,
380 448 626 489 quamquam
656 436 884 477 laudandos
906 445 1111 477 caeterum
1126 467 1141 489 ,
1165 447 1211 478 ut
1231 442 1369 481 omnia
1391 442 1469 482 hu.

261 517 333 570 jus
368 513 463 561 viri,
507 510 557 553 In
578 511 839 564 Hippocrate
859 512 1093 562 exemplum
1115 513 1279 555 dederat
1299 515 1352 558 A.
1371 514 1474 557 Foe-

260 595 385 642 sius,
427 588 596 641 egregio
639 599 766 640 opere
802 587 1087 630 Oeconomiae
1126 588 1432 641 Hippocrateae
1455 605 1471 634 ι

261 667 380 721 quod
415 666 573 707 utinam
611 663 746 708 secuti
786 673 924 707 essent
961 664 1140 706 editores
1174 664 1352 708 Galeni:
1397 667 1477 718 qui

262 751 392 796 quum
421 751 592 794 propter
614 740 816 782 librorum
849 741 1156 782 multitudinem
1183 751 1223 783 et
1257 743 1472 787 doctrinae

261 819 500 862 varietatem
530 817 844 869 copiosissimis
869 826 909 859 et
937 818 1156 859 verborum
1186 830 1225 861 et
1249 832 1380 861 rerum
1407 821 1475 861 in-

261 895 429 936 dicibus
467 905 577 945 opus
615 891 814 943 haberet,
846 902 1052 946 utrosque
1084 895 1218 939 adhuc
1242 906 1471 947 exspectat.

258 970 426 1024 Poterat
450 979 490 1011 et
515 968 847 1022 W'esselingiani
872 968 1078 1012 Herodoti
1106 974 1300 1023 quamvis
1328 986 1475 1026 magna

259 1045 569 1090 commendatio
597 1053 732 1087 tamen
756 1045 897 1099 augeri
938 1046 1124 1091 addendo
1157 1049 1474 1100 locupletando-

261 1134 344 1174 que
374 1122 536 1163 Lexico
562 1121 802 1163 Herodoteo
824 1121 1006 1174 Aemylii
1030 1122 1163 1164 Porti.
1225 1121 1360 1176 Igitur
1382 1125 1477 1166 Pla·

262 1196 378 1243 tonis
420 1207 594 1249 quoque
632 1195 768 1237 editor
806 1196 1057 1249 glossarium
1086 1196 1350 1241 Platonicum
1375 1213 1481 1242 con·

261 1275 404 1326 ficiet,
438 1274 659 1316 verborum
687 1274 1035 1327 dictionumque,
1062 1287 1345 1329 cumeorum,
1371 1291 1475 1330 quae

260 1352 305 1395 in
335 1352 637 1405 philosophia,
670 1362 759 1393 tum
798 1364 968 1404 eorum,
1002 1365 1108 1404 quae
1134 1353 1177 1394 in
1202 1354 1364 1407 reliquo
1399 1356 1480 1402 lin-

260 1441 367 1481 guae
394 1441 471 1476 usu
505 1439 741 1476 versantur.
801 1430 859 1472 Et
891 1430 1035 1482 prouti
1061 1430 1282 1473 Ciceronis
1315 1445 1358 1474 m
1396 1433 1478 1476 hoc

255 1517 408 1559 genere
443 1505 528 1547 duo
570 1515 734 1548 exstant
769 1507 986 1557 subsidia,
1033 1508 1279 1550 Thesaurus
1313 1509 1482 1560 Nizolii

265 1593 306 1623 ct
328 1582 475 1624 Clavis
501 1582 698 1634 Ernesti,
732 1582 787 1623 ita
809 1581 1071 1624 Platonicum
1101 1585 1351 1638 glossarium
1379 1587 1481 1628 utri-

260 1670 398 1709 usque
425 1657 544 1698 dotes
569 1656 746 1708 habeat,
782 1657 912 1697 immo
945 1666 1112 1710 superet
1133 1657 1282 1709 etiam,
1312 1661 1478 1713 copiam

256 1734 404 1784 illius,
429 1733 557 1786 liujus
582 1733 855 1787 diligentiam.
901 1734 1042 1783 Atque
1065 1732 1307 1785 hujusmodi
1329 1733 1480 1786 singu-

256 1810 417 1850 laribus
439 1809 702 1860 Scriptorum
722 1807 893 1848 Lexicis
914 1808 1117 1860 paulatim
1142 1809 1307 1849 materia
1325 1821 1480 1862 conge-

257 1888 396 1937 ritur,
429 1886 537 1927 unde
567 1885 727 1937 posteri
749 1886 975 1939 aliquando
998 1884 1322 1937 steph-anianum
1348 1885 1479 1929 Grae·

257 1975 330 2004 cae
355 1962 544 2014 Linguae
568 1961 835 2004 Thesaurum
865 1962 1085 2012 expleant,
1119 1961 1184 2000 vel
1216 1970 1325 2002 certe
1350 1973 1479 2014 auge·

258 2048 356 2081 ant:
391 2038 463 2089 qui
501 2039 853 2090 quandocumque
887 2047 925 2078 et
958 2039 1217 2090 quicumque
1241 2039 1474 2092 exsistent‚

257 2125 370 2157 certe
415 2126 501 2155 non
551 2116 656 2157 solis
697 2115 811 2156 hisce
850 2114 1133 2167 singularibus
1170 2114 1340 2155 Lexicis
1380 2113 1476 2160 freti

261 2205 370 2244 opus
408 2193 729 2245 aggredientur,
767 2193 832 2239 οἷοι
863 2198 929 2238 νῦν
965 2197 1098 2247 βροτοί
1122 2197 1232 2246 εἶσι,
1271 2194 1476 2247 Stephani

257 2269 590 2321 compilatores,
631 2271 681 2311 ad
734 2283 827 2311 eum
868 2272 1243 2322 reprehendentium
1284 2273 1473 2325 promti,

258 2347 308 2389 ad
333 2346 578 2387 imitandum
605 2346 783 2390 infirmit
819 2348 890 2387 sed
914 2360 1008 2388 vere
1031 2346 1307 2388 Guammatici
1328 2361 1378 2389 ex
1403 2349 1474 2390 he·

256 2420 375 2467 mico
409 2421 484 2463 illo
526 2422 728 2476 Stephani
765 2434 913 2477 genere
946 2432 986 2464 et
1021 2434 1151 2476 aev0‚
1184 2435 1354 2478 magnas
1388 2422 1472 2474 ipsi

1371 2509 1469 2547 5113?-
