1693 3110
328 147 406 193 DE
438 145 964 191 IMMORTALITATE
993 147 1189 194 ANIMI.
1271 163 1356 210 515

138 269 321 326 Cognovi
335 272 547 326 clypeum,
578 270 724 313 laevae
747 271 990 324 gestamina
1009 279 1205 326 nostrae,
1379 277 1469 308 sect.
1491 274 1538 309 m
1583 282 1585 284 ·

139 347 296 402 Nuper
321 347 522 389 Abanteis
542 347 692 401 templo
717 345 888 387 Iunonis
913 348 959 388 in
983 348 1134 403 Argis.
1377 321 1591 360 Pythagoran

138 422 298 466 Omnia
329 434 582 476 mutantur,
615 424 728 466 nihil
751 426 934 476 interit,
964 436 1090 468 errat
1114 436 1155 469 et
1177 426 1301 470 illine

139 498 237 541 Huc
259 502 402 552 venit,
436 503 533 544 hinc
554 501 687 554 illuc,
722 510 762 542 et
799 501 1002 557 quoslibet
1035 512 1208 559 occupat
1235 512 1359 545 artus

138 575 358 631 Spiritus:
389 580 491 632 eque
514 575 628 630 feris
660 577 850 618 humana
884 576 932 617 in
962 587 1143 631 corpora
1167 580 1359 630 transit5

139 650 274 708 Inque
290 652 419 706 feras
442 662 609 700 noster:
638 667 711 695 nee
736 662 920 710 tempore
943 653 1109 709 deperit
1138 651 1243 702 ulle·

141 725 283 783 thue
306 731 420 771 novis
432 729 619 784 fragilis
644 731 846 783 signatur
867 742 968 771 cera
983 728 1171 784 figuris,

140 802 235 845 Nec
255 815 399 847 manet
421 814 469 850 ut
483 805 669 859 fuerat,
701 818 774 846 nee
800 805 971 858 formas
995 814 1140 847 servat
1166 803 1328 846 easdem
1343 835 1364 856 ,

138 877 227 920 Sed
250 887 393 920 tamen
433 882 527 935 ipsa
556 879 699 920 eadem
744 888 835 922 est:
875 882 1064 922 animam
1095 883 1155 922 sic
1203 892 1362 937 semper

254 954 427 996 eandem

138 1028 272 1084 Esse,
303 1032 440 1083 sedin
462 1034 612 1077 varias
635 1032 754 1076 doceo
776 1035 970 1089 migrare
992 1032 1180 1089 figuras.

197 1183 395 1236 Locum,
429 1186 622 1238 quamvis
655 1196 805 1229 notum
824 1216 839 1239 ,
869 1187 1021 1239 attuli,
1050 1199 1146 1228 cum
1173 1187 1362 1230 auctori-

139 1259 268 1313 tatis,
313 1271 403 1303 tum
443 1262 847 1314 animadversionis,
889 1262 1062 1304 caussa.
1130 1260 1241 1303 Nam
1279 1263 1366 1313 pri-¹

141 1350 258 1385 mum
294 1341 460 1393 quidem
497 1341 909 1385 animadvertendum
931 1372 947 1394 ‚
990 1354 1074 1383 earn
1110 1341 1161 1385 ab
1201 1341 1362 1383 Ovidio

142 1415 276 1458 tribui
309 1416 555 1459 sententIam
590 1417 885 1470 Pythagorae,
927 1431 1061 1462 vanas
1097 1430 1178 1459 esse
1208 1418 1363 1459 Poeta-

147 1502 245 1532 rum
262 1490 442 1543 fabulas
468 1491 518 1532 de
543 1492 669 1546 Styge
688 1500 727 1531 et
751 1491 927 1543 Inferis.
969 1491 1222 1544 Assentior,
1255 1491 1369 1534 Eso-

141 1565 270 1606 terice
295 1565 363 1613 ⁴ita
406 1565 588 1607 sensisse
611 1566 915 1620 Pythagoram:
948 1566 1177 1610 Exoterice
1201 1567 1258 1608 ita
1282 1576 1368 1608 sta.

142 1641 302 1693 tuisse,
334 1653 420 1683 non
459 1641 683 1684 assentior.
740 1642 851 1683 Nam
887 1651 926 1684 et
960 1642 1051 1695 ipse
1075 1643 1289 1694 narravit,
1321 1655 1366 1685 se

141 1719 255 1772 apud
276 1715 435 1759 inferos
461 1716 624 1769 fuisse,
656 1728 899 1770 poenasque
922 1730 970 1759 ac
998 1717 1211 1770 supplicia
1236 1717 1365 1758 malo-

140 1805 235 1837 rum
257 1794 440 1837 vidisse:
469 1794 585 1846 quod
604 1793 716 1847 apud
747 1793 877 1847 Diog.
903 1792 1048 1835 Laert.
1076 1793 1264 1845 produnt
1291 1805 1370 1834 au-

138 1880 279 1913 ctores
302 1870 471 1911 minime
495 1869 1095 1923 contemnendiHieronymus
1115 1880 1154 1910 ct
1173 1869 1368 1922 Hermip-

145 1961 259 2002 pus,
291 1947 411 1989 Vm.
447 1959 518 1990 21.
550 1959 624 1998 41.
686 1947 744 1987 Et
769 1945 1057 1999 Pythagoreos
1094 1945 1285 1997 reliquos
1313 1945 1364 1990 ab

142 2023 210 2073 his
244 2021 402 2064 fabulis
441 2034 529 2063 non
566 2021 728 2062 alienos
756 2018 919 2072 fuisse,
952 2020 1190 2065 videbimus
1223 2019 1365 2080 infra,

140 2099 216 2140 ubi
239 2100 289 2140 de
309 2098 568 2150 Empedocle
586 2109 632 2139 ac
659 2095 836 2138 Timaeo
856 2096 1062 2138 dicemus.
1094 2095 1153 2137 Et
1180 2097 1365 2148 prudens

143 2176 328 2229 scriptor
351 2175 602 2217 Plutarchus
627 2174 671 2215 in
705 2174 813 2214 libro
838 2174 886 2214 de
911 2172 1052 2214 Genio
1080 2171 1266 2216 Socratis
1304 2172 1365 2214 Τ.

145 2255 206 2296 11.
237 2265 278 2304 p.
307 2251 408 2305 580.
440 2262 588 2304 notat,
648 2282 684 2303 a,
717 2250 1032 2306 Philosophiam
1061 2265 1090 2292 a
1115 2251 1365 2306 Pythagora

145 2329 349 2384 repletam
375 2336 415 2368 et
437 2330 562 2384 quasi
586 2327 782 2381 inflatam
805 2325 945 2378 fuisse
957 2326 1154 2378 fabalis,
1188 2329 1365 2383 appari-

143 2404 349 2456 tionibus,
392 2413 431 2445 et
473 2402 820 2462 superstitione.'’
893 2402 1053 2445 Deinde
1098 2403 1205 2444 illud
1240 2405 1363 2445 ctiam

140 2480 552 2529 animadvertendum
580 2513 597 2541 ,
651 2479 856 2524 Ovidium
888 2477 931 2519 in
962 2490 1011 2522 eo
1042 2490 1066 2524 a
1097 2478 1362 2539 Pythagoraa

813 2553 893 2605 lug
931 2566 960 2613 4,
1267 2562 1365 2601 sen·
