<?xml version="1.0" encoding="UTF-8"?>
<!DOCTYPE html PUBLIC "-//W3C//DTD XHTML 1.0 Transitional//EN"
    "http://www.w3.org/TR/xhtml1/DTD/xhtml1-transitional.dtd">
<html xmlns="http://www.w3.org/1999/xhtml" xml:lang="en" lang="en">
 <head>
  <title>
</title>
<meta http-equiv="Content-Type" content="text/html;charset=utf-8" />
  <meta name='ocr-system' content='tesseract 3.04.00' />
  <meta name='ocr-capabilities' content='ocr_page ocr_carea ocr_par ocr_line ocrx_word'/>
</head>
<body>
  <div class='ocr_page' id='page_1' title='image "./opusculavariiarg02wytt/opusculavariiarg02wytt_0173.png"; bbox 0 0 1693 3110; ppageno 0'>
   <div class='ocr_carea' id='block_1_1' title="bbox 373 172 1344 343">
    <p class='ocr_par' dir='ltr' id='par_1_1' title="bbox 373 172 1344 343">
     <span class='ocr_line' id='line_1_1' title="bbox 373 172 1344 239; baseline -0.004 -13"><span class='ocrx_word' id='word_1_1' title='bbox 373 172 1095 227; x_wconf 69' lang='lat' dir='ltr'><strong>ADLYNDENUM.</strong></span> <span class='ocrx_word' id='word_1_2' title='bbox 1264 186 1344 239; x_wconf 68' lang='lat' dir='ltr'>cs?</span> 
     </span>
     <span class='ocr_line' id='line_1_2' title="bbox 720 300 756 343; baseline 0.028 -1"><span class='ocrx_word' id='word_1_3' title='bbox 720 300 756 343; x_wconf 88' lang='lat'>1.</span> 
     </span>
    </p>
   </div>
   <div class='ocr_carea' id='block_1_2' title="bbox 133 452 1388 1345">
    <p class='ocr_par' dir='ltr' id='par_1_2' title="bbox 133 452 1388 1345">
     <span class='ocr_line' id='line_1_3' title="bbox 191 452 1347 507; baseline -0.001 -8"><span class='ocrx_word' id='word_1_4' title='bbox 191 456 267 501; x_wconf 91' lang='lat' dir='ltr'>W.</span> <span class='ocrx_word' id='word_1_5' title='bbox 308 454 413 498; x_wconf 89' lang='lat' dir='ltr'>Rem</span> <span class='ocrx_word' id='word_1_6' title='bbox 449 467 547 499; x_wconf 87' lang='lat' dir='ltr'>sane</span> <span class='ocrx_word' id='word_1_7' title='bbox 578 454 787 506; x_wconf 83' lang='lat' dir='ltr'>requiris,</span> <span class='ocrx_word' id='word_1_8' title='bbox 831 452 1058 507; x_wconf 86' lang='lat' dir='ltr'>Lyndene‚</span> <span class='ocrx_word' id='word_1_9' title='bbox 1098 467 1185 498; x_wconf 91' lang='lat' dir='ltr'>non</span> <span class='ocrx_word' id='word_1_10' title='bbox 1221 455 1347 498; x_wconf 83' lang='lat' dir='ltr'>modo</span> 
     </span>
     <span class='ocr_line' id='line_1_4' title="bbox 135 531 1352 586; baseline -0.006 -7"><span class='ocrx_word' id='word_1_11' title='bbox 135 541 312 579; x_wconf 73' lang='lat' dir='ltr'>&#39;veterem</span> <span class='ocrx_word' id='word_1_12' title='bbox 330 564 345 586; x_wconf 83' lang='lat'><strong>,</strong></span> <span class='ocrx_word' id='word_1_13' title='bbox 373 534 445 576; x_wconf 91' lang='lat' dir='ltr'>sed</span> <span class='ocrx_word' id='word_1_14' title='bbox 466 532 741 584; x_wconf 86' lang='lat' dir='ltr'>antiquatam.</span> <span class='ocrx_word' id='word_1_15' title='bbox 787 531 894 572; x_wconf 87' lang='lat' dir='ltr'>Nam</span> <span class='ocrx_word' id='word_1_16' title='bbox 919 542 957 572; x_wconf 91' lang='lat' dir='ltr'>et</span> <span class='ocrx_word' id='word_1_17' title='bbox 983 541 1085 573; x_wconf 91' lang='lat' dir='ltr'>tunc</span> <span class='ocrx_word' id='word_1_18' title='bbox 1111 533 1224 585; x_wconf 88' lang='lat' dir='ltr'>apud</span> <span class='ocrx_word' id='word_1_19' title='bbox 1246 531 1352 574; x_wconf 86' lang='lat' dir='ltr'>Ger-</span> 
     </span>
     <span class='ocr_line' id='line_1_5' title="bbox 142 605 1388 660; baseline -0.003 -7"><span class='ocrx_word' id='word_1_20' title='bbox 142 622 290 653; x_wconf 86' lang='lat' dir='ltr'>manos</span> <span class='ocrx_word' id='word_1_21' title='bbox 312 621 422 650; x_wconf 90' lang='lat' dir='ltr'>nova</span> <span class='ocrx_word' id='word_1_22' title='bbox 443 607 522 648; x_wconf 85' lang='lat' dir='ltr'>ista</span> <span class='ocrx_word' id='word_1_23' title='bbox 546 605 840 659; x_wconf 88' lang='lat' dir='ltr'>Metaphysica</span> <span class='ocrx_word' id='word_1_24' title='bbox 859 608 941 659; x_wconf 76' lang='lat' dir='ltr'>jam</span> <span class='ocrx_word' id='word_1_25' title='bbox 968 606 1286 660; x_wconf 83' lang='lat' dir='ltr'>obsolescebat,</span> <span class='ocrx_word' id='word_1_26' title='bbox 1309 615 1351 649; x_wconf 83' lang='lat' dir='ltr'>et</span> <span class='ocrx_word' id='word_1_27' title='bbox 1385 632 1388 636; x_wconf 95' lang='lat'><em>-</em></span> 
     </span>
     <span class='ocr_line' id='line_1_6' title="bbox 135 682 1355 739; baseline -0.002 -10"><span class='ocrx_word' id='word_1_28' title='bbox 135 697 250 729; x_wconf 82' lang='lat' dir='ltr'>nunc</span> <span class='ocrx_word' id='word_1_29' title='bbox 281 683 486 726; x_wconf 90' lang='lat' dir='ltr'>obsoluit.</span> <span class='ocrx_word' id='word_1_30' title='bbox 549 682 692 739; x_wconf 82' lang='lat' dir='ltr'><strong>Quare</strong></span> <span class='ocrx_word' id='word_1_31' title='bbox 724 682 911 724; x_wconf 84' lang='lat' dir='ltr'>sinamus</span> <span class='ocrx_word' id='word_1_32' title='bbox 947 695 1066 736; x_wconf 87' lang='lat' dir='ltr'>eam,</span> <span class='ocrx_word' id='word_1_33' title='bbox 1095 693 1142 724; x_wconf 91' lang='lat' dir='ltr'>ut</span> <span class='ocrx_word' id='word_1_34' title='bbox 1176 685 1218 726; x_wconf 91' lang='lat' dir='ltr'>in</span> <span class='ocrx_word' id='word_1_35' title='bbox 1255 697 1355 738; x_wconf 88' lang='lat' dir='ltr'>pro·</span> 
     </span>
     <span class='ocr_line' id='line_1_7' title="bbox 133 758 1353 812; baseline -0.005 -6"><span class='ocrx_word' id='word_1_36' title='bbox 133 762 280 806; x_wconf 84' lang='lat' dir='ltr'>verbio</span> <span class='ocrx_word' id='word_1_37' title='bbox 321 770 415 812; x_wconf 86' lang='lat' dir='ltr'>est,</span> <span class='ocrx_word' id='word_1_38' title='bbox 445 761 716 802; x_wconf 77' lang='lat' dir='ltr'>dormientem</span> <span class='ocrx_word' id='word_1_39' title='bbox 749 759 946 801; x_wconf 89' lang='lat' dir='ltr'>dormire.</span> <span class='ocrx_word' id='word_1_40' title='bbox 1016 758 1171 801; x_wconf 80' lang='lat' dir='ltr'>Nostri</span> <span class='ocrx_word' id='word_1_41' title='bbox 1215 759 1353 801; x_wconf 82' lang='lat' dir='ltr'>homi-</span> 
     </span>
     <span class='ocr_line' id='line_1_8' title="bbox 136 834 1356 889; baseline -0.002 -9"><span class='ocrx_word' id='word_1_42' title='bbox 136 851 240 889; x_wconf 85' lang='lat' dir='ltr'>nes,</span> <span class='ocrx_word' id='word_1_43' title='bbox 271 845 318 879; x_wconf 91' lang='lat' dir='ltr'>ut</span> <span class='ocrx_word' id='word_1_44' title='bbox 343 836 455 887; x_wconf 77' lang='lat' dir='ltr'>scis,</span> <span class='ocrx_word' id='word_1_45' title='bbox 488 834 610 888; x_wconf 89' lang='lat' dir='ltr'>pauci</span> <span class='ocrx_word' id='word_1_46' title='bbox 635 834 849 888; x_wconf 87' lang='lat' dir='ltr'>peregrina</span> <span class='ocrx_word' id='word_1_47' title='bbox 881 834 1019 877; x_wconf 85' lang='lat' dir='ltr'>studia</span> <span class='ocrx_word' id='word_1_48' title='bbox 1053 844 1250 887; x_wconf 86' lang='lat' dir='ltr'>captant:</span> <span class='ocrx_word' id='word_1_49' title='bbox 1283 835 1356 877; x_wconf 84' lang='lat' dir='ltr'>sed</span> 
     </span>
     <span class='ocr_line' id='line_1_9' title="bbox 140 910 1377 965; baseline -0.001 -11"><span class='ocrx_word' id='word_1_50' title='bbox 140 912 217 965; x_wconf 89' lang='lat' dir='ltr'>qui</span> <span class='ocrx_word' id='word_1_51' title='bbox 247 920 444 964; x_wconf 85' lang='lat' dir='ltr'>captant,</span> <span class='ocrx_word' id='word_1_52' title='bbox 476 910 738 952; x_wconf 82' lang='lat' dir='ltr'>vehementer</span> <span class='ocrx_word' id='word_1_53' title='bbox 762 910 804 950; x_wconf 91' lang='lat' dir='ltr'>id</span> <span class='ocrx_word' id='word_1_54' title='bbox 838 922 968 963; x_wconf 86' lang='lat' dir='ltr'>agunt</span> <span class='ocrx_word' id='word_1_55' title='bbox 987 941 1002 961; x_wconf 88' lang='lat'>‚</span> <span class='ocrx_word' id='word_1_56' title='bbox 1033 919 1072 951; x_wconf 91' lang='lat' dir='ltr'>et</span> <span class='ocrx_word' id='word_1_57' title='bbox 1104 910 1189 951; x_wconf 88' lang='lat' dir='ltr'>fere</span> <span class='ocrx_word' id='word_1_58' title='bbox 1217 911 1377 954; x_wconf 74' lang='lat' dir='ltr'>omnia·</span> 
     </span>
     <span class='ocr_line' id='line_1_10' title="bbox 137 987 1384 1043; baseline -0.002 -12"><span class='ocrx_word' id='word_1_59' title='bbox 137 989 355 1043; x_wconf 86' lang='lat' dir='ltr'>peregrina</span> <span class='ocrx_word' id='word_1_60' title='bbox 380 1000 474 1030; x_wconf 87' lang='lat' dir='ltr'>vera</span> <span class='ocrx_word' id='word_1_61' title='bbox 497 987 729 1041; x_wconf 84' lang='lat' dir='ltr'><strong>pulcraque</strong></span> <span class='ocrx_word' id='word_1_62' title='bbox 763 996 939 1040; x_wconf 85' lang='lat' dir='ltr'>putant:</span> <span class='ocrx_word' id='word_1_63' title='bbox 970 997 1174 1029; x_wconf 86' lang='lat' dir='ltr'>caeterum</span> <span class='ocrx_word' id='word_1_64' title='bbox 1198 1000 1290 1030; x_wconf 87' lang='lat' dir='ltr'>sero</span> <span class='ocrx_word' id='word_1_65' title='bbox 1311 1000 1358 1029; x_wconf 87' lang='lat' dir='ltr'>ea</span> <span class='ocrx_word' id='word_1_66' title='bbox 1380 1008 1384 1010; x_wconf 30' lang='lat' dir='ltr'>v</span> 
     </span>
     <span class='ocr_line' id='line_1_11' title="bbox 137 1062 1360 1120; baseline -0.003 -11"><span class='ocrx_word' id='word_1_67' title='bbox 137 1073 438 1120; x_wconf 80' lang='lat' dir='ltr'>cognoscunt,</span> <span class='ocrx_word' id='word_1_68' title='bbox 469 1072 510 1104; x_wconf 89' lang='lat' dir='ltr'>at</span> <span class='ocrx_word' id='word_1_69' title='bbox 549 1064 674 1104; x_wconf 87' lang='lat' dir='ltr'>semel</span> <span class='ocrx_word' id='word_1_70' title='bbox 712 1063 884 1115; x_wconf 83' lang='lat' dir='ltr'>cognita</span> <span class='ocrx_word' id='word_1_71' title='bbox 917 1062 1070 1115; x_wconf 89' lang='lat' dir='ltr'>cupide</span> <span class='ocrx_word' id='word_1_72' title='bbox 1094 1064 1360 1117; x_wconf 75' lang='lat' dir='ltr'>amplectun-</span> 
     </span>
     <span class='ocr_line' id='line_1_12' title="bbox 133 1138 1351 1193; baseline -0.002 -9"><span class='ocrx_word' id='word_1_73' title='bbox 133 1151 232 1193; x_wconf 87' lang='lat' dir='ltr'><strong>tur,</strong></span> <span class='ocrx_word' id='word_1_74' title='bbox 263 1154 309 1183; x_wconf 90' lang='lat' dir='ltr'>ac</span> <span class='ocrx_word' id='word_1_75' title='bbox 334 1139 567 1182; x_wconf 87' lang='lat' dir='ltr'>tarditatem</span> <span class='ocrx_word' id='word_1_76' title='bbox 594 1138 853 1192; x_wconf 74' lang='lat' dir='ltr'>cognitionis</span> <span class='ocrx_word' id='word_1_77' title='bbox 878 1139 1039 1183; x_wconf 88' lang='lat' dir='ltr'>insania</span> <span class='ocrx_word' id='word_1_78' title='bbox 1064 1150 1104 1180; x_wconf 87' lang='lat' dir='ltr'>et</span> <span class='ocrx_word' id='word_1_79' title='bbox 1136 1139 1351 1182; x_wconf 83' lang='lat' dir='ltr'>diuturni-</span> 
     </span>
     <span class='ocr_line' id='line_1_13' title="bbox 137 1215 1352 1267; baseline -0.002 -8"><span class='ocrx_word' id='word_1_80' title='bbox 137 1226 222 1260; x_wconf 87' lang='lat' dir='ltr'>tate</span> <span class='ocrx_word' id='word_1_81' title='bbox 255 1215 500 1258; x_wconf 86' lang='lat' dir='ltr'>imitationis</span> <span class='ocrx_word' id='word_1_82' title='bbox 538 1223 850 1267; x_wconf 79' lang='lat' dir='ltr'>compensant3</span> <span class='ocrx_word' id='word_1_83' title='bbox 888 1215 998 1256; x_wconf 88' lang='lat' dir='ltr'>unde</span> <span class='ocrx_word' id='word_1_84' title='bbox 1039 1215 1115 1266; x_wconf 90' lang='lat' dir='ltr'>fit,</span> <span class='ocrx_word' id='word_1_85' title='bbox 1151 1224 1196 1256; x_wconf 91' lang='lat' dir='ltr'>ut</span> <span class='ocrx_word' id='word_1_86' title='bbox 1250 1224 1352 1257; x_wconf 80' lang='lat' dir='ltr'>tunc</span> 
     </span>
     <span class='ocr_line' id='line_1_14' title="bbox 139 1289 1362 1345; baseline -0.004 -7"><span class='ocrx_word' id='word_1_87' title='bbox 139 1293 317 1338; x_wconf 78' lang='lat' dir='ltr'>maxime</span> <span class='ocrx_word' id='word_1_88' title='bbox 343 1290 557 1343; x_wconf 68' lang='lat' dir='ltr'>ferveant‚</span> <span class='ocrx_word' id='word_1_89' title='bbox 599 1303 728 1344; x_wconf 87' lang='lat' dir='ltr'>quum</span> <span class='ocrx_word' id='word_1_90' title='bbox 755 1291 994 1332; x_wconf 77' lang='lat' dir='ltr'>inventores</span> <span class='ocrx_word' id='word_1_91' title='bbox 1026 1292 1110 1345; x_wconf 83' lang='lat' dir='ltr'>jam</span> <span class='ocrx_word' id='word_1_92' title='bbox 1143 1289 1362 1333; x_wconf 80' lang='lat' dir='ltr'>deferbue-</span> 
     </span>
    </p>
   </div>
   <div class='ocr_carea' id='block_1_3' title="bbox 135 1372 1378 2641">
    <p class='ocr_par' dir='ltr' id='par_1_3' title="bbox 135 1372 1365 1582">
     <span class='ocr_line' id='line_1_15' title="bbox 136 1372 1362 1428; baseline -0.007 -8"><span class='ocrx_word' id='word_1_93' title='bbox 136 1388 263 1421; x_wconf 81' lang='lat' dir='ltr'>runt:</span> <span class='ocrx_word' id='word_1_94' title='bbox 295 1387 338 1419; x_wconf 86' lang='lat' dir='ltr'>et</span> <span class='ocrx_word' id='word_1_95' title='bbox 361 1377 432 1418; x_wconf 80' lang='lat' dir='ltr'>illa</span> <span class='ocrx_word' id='word_1_96' title='bbox 463 1374 575 1428; x_wconf 88' lang='lat' dir='ltr'>apud</span> <span class='ocrx_word' id='word_1_97' title='bbox 600 1386 679 1416; x_wconf 90' lang='lat' dir='ltr'>nos</span> <span class='ocrx_word' id='word_1_98' title='bbox 708 1372 847 1415; x_wconf 86' lang='lat' dir='ltr'>studia</span> <span class='ocrx_word' id='word_1_99' title='bbox 880 1373 1074 1426; x_wconf 81' lang='lat' dir='ltr'>vigeant,</span> <span class='ocrx_word' id='word_1_100' title='bbox 1109 1385 1214 1424; x_wconf 87' lang='lat' dir='ltr'>quae</span> <span class='ocrx_word' id='word_1_101' title='bbox 1248 1372 1362 1425; x_wconf 86' lang='lat' dir='ltr'>apud</span> 
     </span>
     <span class='ocr_line' id='line_1_16' title="bbox 135 1449 1363 1508; baseline -0.005 -12"><span class='ocrx_word' id='word_1_102' title='bbox 135 1453 407 1508; x_wconf 77' lang='lat' dir='ltr'>peregrinos,</span> <span class='ocrx_word' id='word_1_103' title='bbox 438 1450 510 1492; x_wconf 90' lang='lat' dir='ltr'>ubi</span> <span class='ocrx_word' id='word_1_104' title='bbox 536 1459 631 1492; x_wconf 89' lang='lat' dir='ltr'>nata</span> <span class='ocrx_word' id='word_1_105' title='bbox 671 1459 772 1491; x_wconf 87' lang='lat' dir='ltr'>sunt</span> <span class='ocrx_word' id='word_1_106' title='bbox 795 1479 810 1500; x_wconf 86' lang='lat'>‚</span> <span class='ocrx_word' id='word_1_107' title='bbox 842 1449 998 1490; x_wconf 82' lang='lat' dir='ltr'>dudum</span> <span class='ocrx_word' id='word_1_108' title='bbox 1026 1458 1235 1490; x_wconf 83' lang='lat' dir='ltr'>vetustate</span> <span class='ocrx_word' id='word_1_109' title='bbox 1268 1461 1363 1490; x_wconf 85' lang='lat' dir='ltr'>eva-</span> 
     </span>
     <span class='ocr_line' id='line_1_17' title="bbox 139 1523 1365 1582; baseline -0.006 -9"><span class='ocrx_word' id='word_1_110' title='bbox 139 1538 338 1573; x_wconf 86' lang='lat' dir='ltr'>nuerunt.</span> <span class='ocrx_word' id='word_1_111' title='bbox 373 1527 494 1582; x_wconf 85' lang='lat' dir='ltr'><strong>Quae</strong></span> <span class='ocrx_word' id='word_1_112' title='bbox 515 1535 555 1567; x_wconf 89' lang='lat' dir='ltr'>et</span> <span class='ocrx_word' id='word_1_113' title='bbox 578 1526 650 1568; x_wconf 93' lang='lat' dir='ltr'>Tu</span> <span class='ocrx_word' id='word_1_114' title='bbox 670 1538 811 1567; x_wconf 83' lang='lat' dir='ltr'>recens</span> <span class='ocrx_word' id='word_1_115' title='bbox 838 1524 931 1566; x_wconf 85' lang='lat' dir='ltr'>inde</span> <span class='ocrx_word' id='word_1_116' title='bbox 954 1524 1081 1565; x_wconf 81' lang='lat' dir='ltr'><strong>redux</strong></span> <span class='ocrx_word' id='word_1_117' title='bbox 1107 1523 1365 1577; x_wconf 73' lang='lat' dir='ltr'>meministi,</span> 
     </span>
    </p>

    <p class='ocr_par' dir='ltr' id='par_1_4' title="bbox 140 1598 1378 2641">
     <span class='ocr_line' id='line_1_18' title="bbox 141 1598 1305 1657; baseline -0.006 -11"><span class='ocrx_word' id='word_1_118' title='bbox 141 1615 182 1646; x_wconf 85' lang='lat' dir='ltr'>et</span> <span class='ocrx_word' id='word_1_119' title='bbox 203 1617 280 1657; x_wconf 90' lang='lat' dir='ltr'>ego</span> <span class='ocrx_word' id='word_1_120' title='bbox 299 1602 571 1645; x_wconf 73' lang='lat' dir='ltr'>Pliilalethem</span> <span class='ocrx_word' id='word_1_121' title='bbox 595 1611 790 1644; x_wconf 85' lang='lat' dir='ltr'>nostrum</span> <span class='ocrx_word' id='word_1_122' title='bbox 816 1614 936 1654; x_wconf 84' lang='lat' dir='ltr'>saepe</span> <span class='ocrx_word' id='word_1_123' title='bbox 953 1601 1089 1642; x_wconf 79' lang='lat' dir='ltr'>dicere</span> <span class='ocrx_word' id='word_1_124' title='bbox 1117 1598 1305 1641; x_wconf 76' lang='lat' dir='ltr'>memini.</span> 
     </span>
     <span class='ocr_line' id='line_1_19' title="bbox 204 1676 1368 1732; baseline -0.005 -13"><span class='ocrx_word' id='word_1_125' title='bbox 204 1677 297 1719; x_wconf 91' lang='lat' dir='ltr'>PH.</span> <span class='ocrx_word' id='word_1_126' title='bbox 340 1676 451 1732; x_wconf 86' lang='lat' dir='ltr'>Quis</span> <span class='ocrx_word' id='word_1_127' title='bbox 479 1677 587 1718; x_wconf 83' lang='lat' dir='ltr'>enim</span> <span class='ocrx_word' id='word_1_128' title='bbox 612 1676 774 1719; x_wconf 86' lang='lat' dir='ltr'>dubitet</span> <span class='ocrx_word' id='word_1_129' title='bbox 796 1676 845 1717; x_wconf 92' lang='lat' dir='ltr'>de</span> <span class='ocrx_word' id='word_1_130' title='bbox 869 1689 911 1717; x_wconf 87' lang='lat' dir='ltr'>re</span> <span class='ocrx_word' id='word_1_131' title='bbox 933 1676 1124 1728; x_wconf 87' lang='lat' dir='ltr'>quotidie</span> <span class='ocrx_word' id='word_1_132' title='bbox 1142 1686 1236 1717; x_wconf 85' lang='lat' dir='ltr'>ante</span> <span class='ocrx_word' id='word_1_133' title='bbox 1262 1687 1368 1717; x_wconf 81' lang='lat' dir='ltr'>ocu.</span> 
     </span>
     <span class='ocr_line' id='line_1_20' title="bbox 140 1753 1378 1807; baseline -0.002 -10"><span class='ocrx_word' id='word_1_134' title='bbox 140 1756 209 1797; x_wconf 87' lang='lat' dir='ltr'>los</span> <span class='ocrx_word' id='word_1_135' title='bbox 235 1754 405 1807; x_wconf 84' lang='lat' dir='ltr'>posita,</span> <span class='ocrx_word' id='word_1_136' title='bbox 434 1766 530 1795; x_wconf 90' lang='lat' dir='ltr'>cum</span> <span class='ocrx_word' id='word_1_137' title='bbox 554 1753 596 1795; x_wconf 92' lang='lat' dir='ltr'>in</span> <span class='ocrx_word' id='word_1_138' title='bbox 623 1753 783 1795; x_wconf 87' lang='lat' dir='ltr'>vestitu</span> <span class='ocrx_word' id='word_1_139' title='bbox 807 1763 847 1794; x_wconf 87' lang='lat' dir='ltr'>et</span> <span class='ocrx_word' id='word_1_140' title='bbox 878 1753 1172 1804; x_wconf 71' lang='lat' dir='ltr'>supellectile,</span> <span class='ocrx_word' id='word_1_141' title='bbox 1204 1763 1292 1794; x_wconf 85' lang='lat' dir='ltr'>tum</span> <span class='ocrx_word' id='word_1_142' title='bbox 1322 1754 1378 1794; x_wconf 24' lang='lat' dir='ltr'>in*</span> 
     </span>
     <span class='ocr_line' id='line_1_21' title="bbox 142 1827 1364 1882; baseline -0.001 -11"><span class='ocrx_word' id='word_1_143' title='bbox 142 1828 299 1872; x_wconf 87' lang='lat' dir='ltr'>Literis</span> <span class='ocrx_word' id='word_1_144' title='bbox 323 1838 362 1869; x_wconf 89' lang='lat' dir='ltr'>et</span> <span class='ocrx_word' id='word_1_145' title='bbox 384 1828 569 1870; x_wconf 86' lang='lat' dir='ltr'>artibus:</span> <span class='ocrx_word' id='word_1_146' title='bbox 608 1828 651 1869; x_wconf 91' lang='lat' dir='ltr'>in</span> <span class='ocrx_word' id='word_1_147' title='bbox 673 1827 831 1880; x_wconf 88' lang='lat' dir='ltr'>quibus</span> <span class='ocrx_word' id='word_1_148' title='bbox 856 1837 1066 1870; x_wconf 83' lang='lat' dir='ltr'>nostrates</span> <span class='ocrx_word' id='word_1_149' title='bbox 1083 1859 1098 1879; x_wconf 88' lang='lat'>,</span> <span class='ocrx_word' id='word_1_150' title='bbox 1131 1828 1205 1880; x_wconf 88' lang='lat' dir='ltr'>qui</span> <span class='ocrx_word' id='word_1_151' title='bbox 1234 1840 1364 1882; x_wconf 70' lang='lat' dir='ltr'>supra</span> 
     </span>
     <span class='ocr_line' id='line_1_22' title="bbox 141 1904 1369 1958; baseline 0.001 -12"><span class='ocrx_word' id='word_1_152' title='bbox 141 1904 250 1947; x_wconf 83' lang='lat' dir='ltr'>alios</span> <span class='ocrx_word' id='word_1_153' title='bbox 275 1905 389 1945; x_wconf 87' lang='lat' dir='ltr'>cives</span> <span class='ocrx_word' id='word_1_154' title='bbox 413 1906 619 1957; x_wconf 81' lang='lat' dir='ltr'>elegantes</span> <span class='ocrx_word' id='word_1_155' title='bbox 642 1904 772 1945; x_wconf 83' lang='lat' dir='ltr'>videri</span> <span class='ocrx_word' id='word_1_156' title='bbox 806 1904 1012 1956; x_wconf 89' lang='lat' dir='ltr'>cupiunt,</span> <span class='ocrx_word' id='word_1_157' title='bbox 1046 1916 1153 1947; x_wconf 86' lang='lat' dir='ltr'>nova</span> <span class='ocrx_word' id='word_1_158' title='bbox 1186 1906 1369 1958; x_wconf 87' lang='lat' dir='ltr'>peregri·</span> 
     </span>
     <span class='ocr_line' id='line_1_23' title="bbox 141 1978 1367 2033; baseline -0.002 -10"><span class='ocrx_word' id='word_1_159' title='bbox 141 1992 281 2033; x_wconf 83' lang='lat' dir='ltr'>naque</span> <span class='ocrx_word' id='word_1_160' title='bbox 308 1980 491 2033; x_wconf 84' lang='lat' dir='ltr'>exempla</span> <span class='ocrx_word' id='word_1_161' title='bbox 521 1978 754 2021; x_wconf 86' lang='lat' dir='ltr'>consectari</span> <span class='ocrx_word' id='word_1_162' title='bbox 799 1980 969 2031; x_wconf 78' lang='lat' dir='ltr'>solent,</span> <span class='ocrx_word' id='word_1_163' title='bbox 1002 1992 1130 2032; x_wconf 86' lang='lat' dir='ltr'>eaque</span> <span class='ocrx_word' id='word_1_164' title='bbox 1164 1980 1250 2021; x_wconf 84' lang='lat' dir='ltr'>fere</span> <span class='ocrx_word' id='word_1_165' title='bbox 1285 1993 1367 2033; x_wconf 88' lang='lat' dir='ltr'>pro</span> 
     </span>
     <span class='ocr_line' id='line_1_24' title="bbox 142 2055 1367 2109; baseline -0.001 -9"><span class='ocrx_word' id='word_1_166' title='bbox 142 2057 290 2100; x_wconf 86' lang='lat' dir='ltr'>iisdem</span> <span class='ocrx_word' id='word_1_167' title='bbox 327 2055 506 2097; x_wconf 85' lang='lat' dir='ltr'>habent:</span> <span class='ocrx_word' id='word_1_168' title='bbox 541 2065 588 2097; x_wconf 91' lang='lat' dir='ltr'>ut</span> <span class='ocrx_word' id='word_1_169' title='bbox 614 2068 772 2097; x_wconf 89' lang='lat' dir='ltr'>novum</span> <span class='ocrx_word' id='word_1_170' title='bbox 811 2068 902 2098; x_wconf 85' lang='lat' dir='ltr'>esse</span> <span class='ocrx_word' id='word_1_171' title='bbox 929 2057 1033 2109; x_wconf 89' lang='lat' dir='ltr'>quid</span> <span class='ocrx_word' id='word_1_172' title='bbox 1067 2067 1244 2109; x_wconf 84' lang='lat' dir='ltr'>putent,</span> <span class='ocrx_word' id='word_1_173' title='bbox 1276 2070 1367 2101; x_wconf 86' lang='lat' dir='ltr'>mo-</span> 
     </span>
     <span class='ocr_line' id='line_1_25' title="bbox 144 2130 1364 2184; baseline 0.004 -12"><span class='ocrx_word' id='word_1_174' title='bbox 144 2132 200 2172; x_wconf 93' lang='lat' dir='ltr'>do</span> <span class='ocrx_word' id='word_1_175' title='bbox 232 2130 494 2184; x_wconf 87' lang='lat' dir='ltr'>peregrinum</span> <span class='ocrx_word' id='word_1_176' title='bbox 530 2130 616 2173; x_wconf 83' lang='lat' dir='ltr'>sit:</span> <span class='ocrx_word' id='word_1_177' title='bbox 646 2140 687 2171; x_wconf 91' lang='lat' dir='ltr'>et</span> <span class='ocrx_word' id='word_1_178' title='bbox 716 2132 1008 2184; x_wconf 83' lang='lat' dir='ltr'>peregrinum,</span> <span class='ocrx_word' id='word_1_179' title='bbox 1042 2134 1166 2175; x_wconf 81' lang='lat' dir='ltr'>modo</span> <span class='ocrx_word' id='word_1_180' title='bbox 1190 2146 1364 2177; x_wconf 88' lang='lat' dir='ltr'>novum.</span> 
     </span>
     <span class='ocr_line' id='line_1_26' title="bbox 140 2204 1369 2264; baseline 0.003 -17"><span class='ocrx_word' id='word_1_181' title='bbox 140 2205 250 2248; x_wconf 87' lang='lat' dir='ltr'>Idem</span> <span class='ocrx_word' id='word_1_182' title='bbox 266 2204 348 2248; x_wconf 86' lang='lat' dir='ltr'>fuit</span> <span class='ocrx_word' id='word_1_183' title='bbox 369 2206 585 2260; x_wconf 84' lang='lat' dir='ltr'>negotium</span> <span class='ocrx_word' id='word_1_184' title='bbox 617 2206 741 2248; x_wconf 82' lang='lat' dir='ltr'>istius</span> <span class='ocrx_word' id='word_1_185' title='bbox 766 2206 1088 2260; x_wconf 81' lang='lat' dir='ltr'>Philosophiae:</span> <span class='ocrx_word' id='word_1_186' title='bbox 1109 2210 1191 2264; x_wconf 85' lang='lat' dir='ltr'>jam</span> <span class='ocrx_word' id='word_1_187' title='bbox 1211 2211 1369 2252; x_wconf 74' lang='lat' dir='ltr'>duode-</span> 
     </span>
     <span class='ocr_line' id='line_1_27' title="bbox 144 2281 1367 2334; baseline 0.003 -12"><span class='ocrx_word' id='word_1_188' title='bbox 144 2281 298 2334; x_wconf 79' lang='lat' dir='ltr'>viginti</span> <span class='ocrx_word' id='word_1_189' title='bbox 325 2292 458 2323; x_wconf 87' lang='lat' dir='ltr'>annos</span> <span class='ocrx_word' id='word_1_190' title='bbox 485 2290 579 2323; x_wconf 81' lang='lat' dir='ltr'>nata</span> <span class='ocrx_word' id='word_1_191' title='bbox 606 2291 718 2331; x_wconf 76' lang='lat' dir='ltr'>erat,</span> <span class='ocrx_word' id='word_1_192' title='bbox 747 2293 878 2333; x_wconf 91' lang='lat' dir='ltr'>quum</span> <span class='ocrx_word' id='word_1_193' title='bbox 906 2282 1042 2324; x_wconf 87' lang='lat' dir='ltr'>nostri</span> <span class='ocrx_word' id='word_1_194' title='bbox 1065 2283 1254 2325; x_wconf 87' lang='lat' dir='ltr'>homines</span> <span class='ocrx_word' id='word_1_195' title='bbox 1277 2296 1367 2326; x_wconf 84' lang='lat' dir='ltr'>eam</span> 
     </span>
     <span class='ocr_line' id='line_1_28' title="bbox 145 2356 1373 2414; baseline 0.002 -16"><span class='ocrx_word' id='word_1_196' title='bbox 145 2356 261 2409; x_wconf 77' lang='lat' dir='ltr'>apud</span> <span class='ocrx_word' id='word_1_197' title='bbox 295 2368 376 2397; x_wconf 89' lang='lat' dir='ltr'>nos</span> <span class='ocrx_word' id='word_1_198' title='bbox 412 2358 688 2409; x_wconf 79' lang='lat' dir='ltr'>producerent</span> <span class='ocrx_word' id='word_1_199' title='bbox 708 2374 730 2409; x_wconf 54' lang='grc'>,’</span> <span class='ocrx_word' id='word_1_200' title='bbox 765 2368 805 2399; x_wconf 91' lang='lat' dir='ltr'>et</span> <span class='ocrx_word' id='word_1_201' title='bbox 846 2357 1014 2411; x_wconf 79' lang='lat' dir='ltr'>Belgice</span> <span class='ocrx_word' id='word_1_202' title='bbox 1044 2371 1212 2413; x_wconf 80' lang='lat' dir='ltr'>crepare</span> <span class='ocrx_word' id='word_1_203' title='bbox 1245 2373 1373 2414; x_wconf 80' lang='lat' dir='ltr'>coge.</span> 
     </span>
     <span class='ocr_line' id='line_1_29' title="bbox 147 2432 1375 2486; baseline 0.002 -12"><span class='ocrx_word' id='word_1_204' title='bbox 147 2442 265 2475; x_wconf 79' lang='lat' dir='ltr'>rent:</span> <span class='ocrx_word' id='word_1_205' title='bbox 308 2434 420 2485; x_wconf 84' lang='lat' dir='ltr'>apud</span> <span class='ocrx_word' id='word_1_206' title='bbox 454 2432 689 2476; x_wconf 88' lang='lat' dir='ltr'>Germanos</span> <span class='ocrx_word' id='word_1_207' title='bbox 728 2444 829 2476; x_wconf 89' lang='lat' dir='ltr'>tunc</span> <span class='ocrx_word' id='word_1_208' title='bbox 860 2435 998 2476; x_wconf 87' lang='lat' dir='ltr'>vetula</span> <span class='ocrx_word' id='word_1_209' title='bbox 1034 2435 1289 2486; x_wconf 84' lang='lat' dir='ltr'>habebatur,</span> <span class='ocrx_word' id='word_1_210' title='bbox 1331 2444 1375 2476; x_wconf 85' lang='lat' dir='ltr'>et</span> 
     </span>
     <span class='ocr_line' id='line_1_30' title="bbox 148 2511 1369 2566; baseline 0 -13"><span class='ocrx_word' id='word_1_211' title='bbox 148 2519 236 2554; x_wconf 83' lang='lat' dir='ltr'>erat</span> <span class='ocrx_word' id='word_1_212' title='bbox 260 2524 356 2554; x_wconf 86' lang='lat' dir='ltr'>sane</span> <span class='ocrx_word' id='word_1_213' title='bbox 376 2525 456 2566; x_wconf 86' lang='lat' dir='ltr'>pro</span> <span class='ocrx_word' id='word_1_214' title='bbox 479 2512 647 2566; x_wconf 78' lang='lat' dir='ltr'>ingenio</span> <span class='ocrx_word' id='word_1_215' title='bbox 674 2512 831 2555; x_wconf 84' lang='lat' dir='ltr'>saeculi</span> <span class='ocrx_word' id='word_1_216' title='bbox 857 2511 1032 2556; x_wconf 78' lang='lat' dir='ltr'>effoeta:</span> <span class='ocrx_word' id='word_1_217' title='bbox 1064 2513 1240 2556; x_wconf 83' lang='lat' dir='ltr'>habebat</span> <span class='ocrx_word' id='word_1_218' title='bbox 1262 2512 1369 2553; x_wconf 74' lang='lat' dir='ltr'>filias</span> 
     </span>
     <span class='ocr_line' id='line_1_31' title="bbox 1252 2598 1376 2641; baseline 0.016 -13"><span class='ocrx_word' id='word_1_219' title='bbox 1252 2598 1376 2641; x_wconf 85' lang='lat' dir='ltr'>gran·</span> 
     </span>
    </p>
   </div>
  </div>
 </body>
</html>
