1693 3110
266 177 342 221 DE
376 171 901 227 IMMORTALITATE
921 175 1113 222 ANIMI.
1218 183 1297 229 501

100 299 240 355 igitur
288 305 451 344 vocavit
496 302 681 343 animam
725 306 928 341 naturam
975 311 1083 355 quac
1146 308 1304 354 semper
1325 301 1460 374 ῗξῐξίῑὲἱῐ.

101 375 370 421 moveatur?
426 375 503 417 His
539 387 637 428 ergo
671 373 924 415 testimoniis
962 375 1058 425 quis
1089 387 1176 416 non
1219 385 1307 415 cre·
1328 365 1458 430 Thale}
1501 404 1504 407 -

100 450 200 500 dat,
230 451 281 492 de
314 450 504 493 Thaletis
541 449 746 490 sententia
779 449 1006 490 constare?
1065 449 1173 490 Nam
1201 448 1307 490 Ani-

105 536 208 566 mam
235 526 340 566 dixit
363 536 454 566 esse
477 524 774 565 immortalem:
797 524 977 566 rationes
999 524 1178 578 adjecit,
1203 524 1309 566 Ani·

102 611 206 640 mam
237 599 433 640 nimirum
469 609 560 639 esse
586 607 772 638 naturam
805 598 886 652 (id
905 609 998 650 est,
1031 599 1225 640 uthodie
1246 600 1326 646 lo-x

101 682 319 725 quuntur‚
341 673 651 725 substantiam)
678 685 781 724 quae
801 685 846 714 se
870 674 961 726 ipsa
989 683 1179 725 moveat,
1204 686 1312 715 sem-

100 760 226 801 perve
252 758 492 800 moveatur,
522 748 587 789 vel
613 758 853 800 utrumque.
914 748 1068 790 Verum
1100 749 1209 790 enim
1238 761 1313 791 au-

101 825 275 866 ctoritas
309 823 476 865 illorum
512 823 850 865 testimoniorum
887 823 1150 876 gravissimis
1189 823 1313 865 dubi-

103 898 367 950 tationibus,
409 899 492 940 nisi
539 900 740 949 tollitur,
785 907 920 940 tamen
961 898 1180 941 minuitur.
1254 900 1322 941 Et*

99 973 280 1026 primum
304 973 471 1024 quidem
497 973 899 1026 ChoeriluS,·quem
928 983 1139 1014 auctorem
1172 973 1314 1025 sequi-

98 1057 169 1090 tur
189 1048 399 1101 Diogenes
428 1045 623 1095 Laertius
641 1078 655 1099 ,
687 1048 796 1089 unde
827 1050 933 1091 hanc
959 1049 1008 1090 de
1031 1048 1206 1090 Thalete
1236 1061 1315 1090 no.

97 1123 232 1166 titiam
255 1122 439 1170 habuit?
487 1132 625 1164 utrum
654 1136 703 1164 ex
728 1123 899 1176 scriptis
926 1123 1146 1174 Thaletis,
1180 1136 1230 1165 an
1263 1135 1314 1166 ex

98 1199 322 1241 traditione
373 1198 627 1244 memoriae?
686 1201 822 1250 Atqui
869 1199 1054 1250 antiquis
1085 1200 1169 1252 Jam
1210 1210 1315 1241 tem-

98 1274 277 1328 poribus
298 1273 533 1314 dubitatum
561 1282 648 1325 est‚
670 1285 721 1314 an
744 1274 859 1325 quod
885 1274 1092 1327 scriptum
1119 1275 1315 1327 reliquis-

98 1359 160 1391 set
187 1349 366 1400 Thales‚
398 1357 438 1389 et
459 1360 511 1389 an
538 1360 611 1399 ea,
644 1360 750 1399 quae
779 1358 867 1390 tum
894 1349 984 1391 sub
1019 1350 1109 1404 ejus
1140 1350 1317 1397 nomine

97 1423 364 1475 ferebantur,
395 1423 445 1464 ab
482 1424 577 1476 ipso
620 1425 860 1477 conscripta
893 1434 1058 1466 essent:
1102 1434 1150 1465 ut
1186 1424 1312 1466 refert

97 1499 308 1552 Diogenes
337 1497 479 1539 Laert.
511 1497 543 1540 Ι.
573 1511 642 1551 23.
706 1498 816 1540 Eum
852 1498 911 1540 nil
947 1500 996 1539 de
1029 1497 1318 1552 Philosophia

102 1574 307 1627 scriptum
345 1571 564 1624 reliquisse
595 1573 796 1614 affirmant
827 1574 1060 1616 Alexander
1094 1575 1318 1627 Aphrodis„

101 1649 250 1693 siensis
284 1648 326 1689 in
362 1647 604 1690 Comment.
639 1647 681 1689 in
712 1648 897 1690 Aristot.
929 1649 1118 1702 Metaph.
1151 1664 1196 1703 p.
1233 1663 1319 1695 122.

103 1723 365 1766 Themistius
396 1722 514 1765 Orat.
539 1724 694 1768 XXVI.
733 1737 779 1776 p.
802 1736 899 1777 317.
929 1733 970 1767 et
991 1725 1240 1777 Simplicius
1262 1727 1307 1769 in

101 1800 343 1842 Comment.
378 1798 420 1839 in
453 1798 635 1840 Aristot.
665 1798 845 1851 Physica
875 1813 919 1851 p.
944 1801 989 1842 6.
1051 1802 1110 1843 At
1134 1813 1232 1842 vero
1256 1814 1306 1843 ex

97 1875 188 1928 ejus
226 1874 332 1914 libro
375 1872 424 1914 de
466 1873 701 1928 Principiis
737 1875 875 1916 locum
916 1874 1070 1916 excitat
1117 1875 1306 1918 Galenus

99 1950 229 1994 Tom.
256 1949 374 1993 VIII.
418 1961 463 2000 p.
484 1961 583 2003 513·
648 1949 706 1990 Et
739 1949 809 1991 alii
844 1960 1015 2001 quoque
1048 1952 1311 1998 mentionem,

101 2023 263 2066 faciunt
297 2025 386 2077 eJ'us
412 2024 615 2066 librorum
651 2023 700 2065 dc
726 2025 942 2066 Naturd:
973 2026 1022 2067 de
1045 2028 1202 2080 quibus
1229 2028 1309 2076 alia

101 2099 222 2140 etiam
246 2098 449 2151 cognosci
475 2107 656 2151 possunt
681 2110 730 2140 ex
753 2099 945 2145 Fabricio
967 2100 1077 2144 Bibl.
1101 2102 1180 2151 Gr.
1204 2103 1308 2146 Vol.

99 2173 135 2215 I.
182 2186 224 2224 p.
271 2186 381 2227 239,
424 2183 464 2214 et
509 2174 719 2215 Bruckero
759 2173 950 2223 Historia
982 2176 1095 2222 Crit.
1138 2178 1304 2223 Philos.

103 2248 231 2291 Tom,
260 2248 294 2290 Ι.
338 2262 380 2300 p.
416 2252 513 2300 462.
573 2249 668 2290 Nos
701 2261 799 2292 vero
835 2262 1058 2302 sequamur
1099 2253 1308 2296 Aristote-

102 2325 211 2375 lem,
242 2333 451 2366 auctorem
485 2333 525 2365 et
557 2324 779 2376 antiquum
816 2333 856 2366 et
892 2338 1086 2379 gravem,
1120 2329 1221 2380 qui,
1253 2332 1304 2370 ah

99 2401 221 2442 initio
255 2400 617 2453 disputationum,
650 2399 734 2441 fere
769 2400 1036 2452 antiquorum
1075 2404 1303 2446 sententias

100 2475 249 2525 referre
270 2476 405 2529 solet,
440 2485 564 2530 atquc
587 2476 667 2527 hoe
691 2475 860 2518 nomine
884 2474 927 2518 in
945 2477 1183 2533 praecipuis
1207 2478 1305 2527 fon.

747 2551 793 2598 li
835 2560 859 2605 3
1252 2549 1304 2600 tia
