1693 3110
325 195 799 241 MIsCELLANEAE
831 191 1205 244 DOCTRINAE.
1311 215 1394 260 ‘225

189 321 290 363 rint.
326 322 538 363 Censurae
560 329 698 361 autem
716 350 731 370 ,
748 330 794 360 ut
819 332 936 385 antea
963 320 1167 375 fuerunt,
1191 323 1254 364 sic
1278 334 1398 378 post-

192 412 238 440 ea
273 409 422 449 erunt,
454 393 503 439 de
538 396 655 438 libris
693 396 735 437 in
762 397 839 437 hoc
863 396 1097 439 Literarum
1125 411 1297 453 genere,
1327 402 1397 443 vel

187 472 341 523 novis,
367 474 432 514 vel
450 471 636 524 antiquis
661 471 800 512 denuo
825 473 962 514 editis.
1011 473 1168 516 Harum
1198 482 1311 523 nunfc
1336 477 1399 518 lo-

185 562 284 591 cum
311 543 537 601 occupavit
566 552 856 601 argumentum
885 550 1058 602 ἕιμρυο-ομ
1089 563 1216 603 sane,
1251 549 1321 593 s'ed
1344 552 1403 593 le.

185 636 350 667 ctorum
376 623 590 666 desideriis
622 635 903 675 concessum,
935 624 1213 677 flagitantium
1241 637 1286 668 ut
1314 640 1404 680 per-

187 712 406 754 geremus,
439 701 560 752 quod
591 711 727 751 nuper
760 699 1109 751 inchoassemus,
1142 703 1234 754 ejus
1266 719 1407 753 μουσι-

185 781 264 825 κῶς
287 774 489 817 tractandi
513 775 714 816 rationem
740 776 976 818 ostendere.
1019 774 1239 818 Anecdota
1262 791 1410 830 quam-

192 864 315 905 quam
340 852 542 894 dicuntur
561 852 729 903 omnia,
757 863 863 903 quae
883 851 1018 892 adhuc
1039 851 1198 895 inedita
1215 852 1407 908 fuerant,

188 928 235 970 in
267 911 335 971 his
362 937 401 969 et
428 928 648 969 Censurae
674 936 713 967 et
736 928 887 968 caeteri
913 927 1051 967 nostri
1078 927 1239 979 libelli,
1271 939 1410 970 tamen

188 1004 361 1057 proprie
401 1001 682 1055 intelligimus
731 1014 827 1043 cum
868 1001 1158 1054 Antiquorum
1197 1004 1332 1046 libros
1368 1013 1410 1045 et

190 1077 310 1120 locos
337 1079 419 1120 hoc
441 1078 580 1131 usque
602 1078 651 1122 ad
672 1086 838 1134 tempus
865 1079 909 1122 in
929 1077 1033 1122 solis
1056 1079 1278 1121 codicibus
1303 1081 1411 1122 scri-

190 1154 279 1207 ptis
303 1164 523 1197 servatos:
558 1166 648 1199 turn
688 1156 990 1198 Recentiorum
1029 1161 1189 1209 scripta
1221 1158 1413 1198 nondum

187 1233 349 1273 edendo
385 1232 572 1284 vulgata.
646 1233 713 1275 Ex
747 1233 821 1274 iilo
855 1244 1002 1286 genere
1034 1231 1271 1274 addidimus
1312 1233 1412 1275 huie

189 1307 301 1349 libro
331 1307 436 1349 duas
464 1308 796 1350 Dissertationes
831 1308 1048 1360 Mul-onii,
1091 1308 1225 1351 Stoici
1256 1309 1415 1350 nobilis

187 1385 466 1438 Philosophi:
495 1387 545 1426 de
569 1397 657 1437 quo
679 1385 1006 1428 Nieuwlandius
1032 1386 1244 1437 quondam
1268 1395 1413 1428 noster

190 1461 390 1504 disseruit
415 1463 539 1504 docta
559 1462 874 1516 disputatione,
910 1464 933 1504 a
958 1462 1084 1504 nobis
1109 1457 1413 1504 commemora·

191 1548 233 1582 ta
264 1539 552 1581 Bibliothecae
574 1540 760 1581 Criticae
783 1539 901 1580 Parte
932 1539 1053 1581 VIII.

250 1616 320 1657 Sic
367 1615 498 1669 igitur
542 1615 694 1667 prioris
732 1610 917 1656 nominis
963 1613 1336 1667 professionisque
1375 1621 1418 1656 et

191 1694 379 1736 vinculis
413 1692 579 1743 soluti,
611 1701 652 1732 et
686 1703 810 1733 onere
843 1692 996 1744 levati,
1026 1693 1077 1733 ad
1114 1693 1193 1735 hoc
1225 1705 1414 1744 munus,

196 1782 244 1811 ut
277 1768 445 1811 facilius
482 1767 830 1819 expeditiusque,
865 1768 1019 1808 alacres
1052 1768 1307 1809 accedimus.
1365 1767 1415 1808 In

194 1859 281 1900 quo
309 1846 387 1886 etsi
406 1843 467 1886 rzil
492 1845 592 1884 certi
620 1844 934 1896 promittimus:
972 1843 1211 1884 libellorum
1234 1844 1417 1884 edendo-

192 1936 283 1967 rum
307 1935 381 1963 nec
409 1933 626 1962 numerum
645 1950 660 1971 ,
691 1932 766 1961 nec
788 1921 959 1960 modum
975 1944 990 1970 ,
1022 1931 1098 1961 nec
1121 1929 1286 1971 tempus
1312 1919 1416 1960 defi-

191 2000 360 2051 nimus;
388 2008 525 2039 tamen
545 2008 791 2047 speramus,
814 1997 1018 2046 lectores,
1042 2008 1122 2046 qua
1146 1994 1322 2036 fuerunt
1346 1997 1416 2036 ad-

192 2081 277 2124 huc
299 2091 393 2133 erga
419 2091 498 2120 nos
525 2079 742 2118 voluntate
770 2083 809 2116 et
831 2075 1120 2124 humanitate,
1151 2075 1290 2116 eadem
1316 2087 1417 2125 por·

195 2169 245 2198 ro
270 2153 440 2197 futuros
456 2176 471 2205 ,
504 2163 545 2193 et
569 2152 675 2193 hanc
699 2162 885 2193 nostram
912 2163 1079 2203 operam
1097 2181 1112 2202 ,
1136 2153 1298 2202 qualem
1325 2162 1414 2192 eam

197 2243 382 2284 cumque
405 2228 653 2279 afferemus,
686 2238 797 2281 grate
832 2228 1108 2279 studioseque
1139 2237 1411 2279 accepturos.

195 2305 359 2359 Scripsi
391 2304 494 2346 ruri.
526 2304 570 2347 d.
602 2316 694 2348 xxx
724 2303 915 2358 Augusti
953 2303 1025 2349 Al.
1054 2302 1347 2348 MDCCCIX.

254 2608 350 2660 Vel.
374 2607 431 2658 11.
824 2617 856 2660 P
1309 2604 1432 2658 ME!
