1693 3110
353 143 459 188 DE
525 143 973 189 UNITATE
1040 146 1225 191 DEI.
1327 162 1418 209 455.

183 281 258 325 per
279 266 596 321 Repugnantiae
634 265 892 318 principium
911 297 925 318 ,
947 266 1086 308 omnis
1119 280 1183 310 res
1212 270 1335 312 habet
1360 287 1409 317 ea

188 360 294 402 quae
315 349 450 390 habet.
484 345 615 399 igitur
639 354 679 386 et
703 345 1061 396 Deus,quamvis
1094 345 1149 387 sit
1169 347 1407 402 maximus,

185 425 278 477 ipse
303 435 475 476 quoque
494 434 537 463 ea
559 420 681 463 habet
705 433 810 473 quae
837 420 979 466 habet:
1005 423 1104 464 haec
1132 436 1293 466 summa
1316 425 1409 479 ejus

184 500 483 542 attributorum
511 507 576 540 est
606 497 826 540 absolutio
852 508 892 540 et
932 496 1165 551 perfectio,
1198 513 1281 552 qua
1316 502 1411 555 ejus

185 575 275 619 idea
297 576 525 627 expleatur.
578 574 719 631 Quat-e
740 584 903 622 tantum
924 575 1074 626 abest,
1103 587 1149 617 ut
1171 576 1271 618 haec
1294 590 1412 621 sum·

189 664 286 704 ma,
328 652 417 691 sive
453 650 700 700 absolutio,
734 649 825 690 sive
859 648 980 699 finis;
1014 660 1101 690 non
1134 650 1243 690 enim
1282 662 1410 702 repu-

187 740 301 781 gno,
326 738 412 777 quo
433 726 530 777 quis
554 724 724 766 nomine
744 734 833 763 eam
859 722 1061 775 insignite
1082 724 1207 767 velit-z
1240 735 1406 768 tantum

183 804 314 857 igitur
339 802 455 843 abest
471 830 487 852 ‚
517 812 564 840 ut
589 800 687 840 haec
712 800 769 840 sit
791 799 958 852 negatio
974 829 989 850 ‚
1021 802 1087 842 vel
1106 799 1323 853 deFectus,
1355 810 1406 843 ut

186 879 332 932 potius
354 876 410 918 sit
430 876 685 918 attributum
711 876 824 928 ajens
839 905 853 926 ,
869 887 940 917 seu
957 906 972 928 ,
990 886 1038 917 ut
1063 877 1193 930 vulgo
1220 879 1408 930 loquun-

181 965 276 1005 tur,
318 954 531 1008 reali<a53
579 952 769 1004 quippe,
814 952 904 994 sine
943 954 1013 995 illa
1032 984 1047 1005 9
1089 954 1203 996 nulla
1243 967 1306 997 res
1348 955 1406 997 sit

179 1036 313 1086 illud,
348 1035 462 1087 quod
487 1043 566 1075 est.
629 1032 839 1075 Praeterea
863 1045 958 1074 cum
990 1033 1134 1084 Deus,
1167 1035 1204 1076 si
1232 1034 1405 1086 quidem

179 1124 277 1157 vere
297 1113 352 1153 sit
374 1121 500 1163 atque
534 1110 717 1160 existat,
747 1109 1018 1152 Individuum
1050 1122 1086 1152 s,
1120 1123 1184 1152 res
1216 1111 1406 1165 singula-

177 1188 236 1229 ris
271 1187 352 1237 sit;
401 1185 624 1227 Individua
660 1197 759 1226 vero
787 1186 872 1226 sint
908 1186 1024 1228 omni
1054 1187 1180 1229 modo
1207 1187 1400 1231 determi-

178 1275 303 1314 nata,
337 1274 382 1304 ut
409 1262 579 1314 quidem
616 1259 838 1304 Dialectici
876 1262 1145 1316 loquuntur3
1178 1277 1405 1307 consenta-

175 1352 301 1384 neum
326 1347 418 1391 est,
451 1337 562 1390 hos,
598 1349 708 1390 quos
746 1337 963 1391 diximus,
996 1339 1100 1380 fines
1125 1353 1171 1381 ac
1197 1340 1411 1385 terminos*

175 1429 200 1459 a
238 1415 315 1457 Dei
347 1425 493 1457 natura
519 1414 666 1456 abesse
695 1426 782 1455 non
810 1426 954 1467 posse.
1016 1415 1161 1466 Atque
1184 1416 1253 1457 hic
1280 1430 1399 1459 error

173 1503 237 1536 est
263 1493 307 1533 in
328 1491 503 1532 notione
530 1486 662 1538 finis:
692 1489 800 1529 alius
832 1498 896 1529 est
929 1490 973 1531 in
998 1491 1174 1533 notione
1197 1489 1397 1543 Infinita-

176 1569 257 1617 tis.,
292 1565 366 1617 qui
389 1573 428 1604 et
451 1563 544 1614 ipse
566 1573 614 1604 ex
641 1562 903 1606 antecedenti
929 1563 1065 1607 fluxit.
1127 1564 1239 1607 Nam
1272 1567 1396 1611 etiam

173 1643 232 1694 ii,
265 1642 338 1694 qui
362 1640 511 1680 melius
538 1638 683 1679 ceteris
706 1637 935 1679 informant
962 1637 1254 1694 lahantem,
1286 1656 1395 1685 eam—

174 1731 256 1771 que
294 1724 461 1770 ponunt
495 1715 538 1754 in
569 1712 716 1767 grassa
767 1725 923 1754 summo
951 1713 1267 1770 perfectloemsn
1312 1733 1398 1760 om-

171 1798 315 1846 nium,
347 1791 515 1844 saepius
552 1801 639 1830 non
681 1789 1044 1841 animadvertunt,
1081 1789 1169 1832 Deo
1204 1793 1395 1846 singuias

170 1868 452 1928 perfectiones
488 1877 575 1906 non
619 1864 862 1906 tribuendas
906 1876 997 1905 esse
1040 1876 1207 1907 summo
1239 1879 1314 1919 per
1353 1879 1398 1909 se

170 1946 330 2000 gradu,
361 1943 436 1985 sed
460 1954 509 1983 eo
537 1942 695 1995 gradu,
728 1940 802 1993 qui
826 1940 969 1983 locum
999 1939 1149 1982 habere
1181 1942 1323 1994 possit
1346 1943 1391 1984 in

171 2025 463 2065 universarum
499 2018 808 2072 perfectionum
848 2029 1012 2060 summa
1055 2027 1095 2059 et
1144 2019 1389 2072 complexu,

172 2100 346 2155 Quippe
378 2098 434 2139 ita
459 2110 503 2139 se
530 2108 594 2138 res
625 2096 773 2146 habet,
808 2105 882 2147 ut,
915 2096 951 2137 si
976 2108 1084 2149 quae
1104 2098 1246 2151 „virtus
1270 2099 1389 2151 cogi-

172 2180 346 2222 tationis
366 2191 502 2222 errore
526 2187 724 2230 augeatur
752 2188 968 2228 eousque,
1001 2186 1048 2217 ut
1077 2188 1175 2218 curn
1209 2178 1387 2230 reliquis

170 2254 403 2298 virtutibus
433 2265 519 2294 non
554 2265 589 2294 ει
628 2252 811 2304 amplius
839 2261 1090 2301 conveniat²
1118 2264 1164 2290 ea
1191 2263 1278 2297 non
1306 2253 1390 2292 vire

171 2339 241 2371 tus
258 2362 272 2382 .,
306 2331 376 2370 sed
401 2332 547 2372 vitium
566 2360 580 2381 ,
611 2342 697 2371 nou
725 2326 928 2380 perfectio
946 2358 961 2379 ‚
993 2327 1067 2368 sed
1094 2326 1282 2370 defectus
1308 2329 1381 2376 sit.

174 2406 317 2448 Veluti
341 2406 377 2446 si
401 2405 479 2447 Dei
503 2418 704 2448 summam
732 2403 961 2458 potentiam
985 2414 1068 2446 tam
1095 2406 1176 2446 late
1195 2405 1355 2457 aperias
1372 2432 1389 2454 ,

171 2491 219 2526 ut
252 2482 368 2530 Deus
413 2483 534 2526 etiam
580 2494 626 2525 se
663 2485 754 2536 ipse
793 2489 878 2522 vita
915 2481 1078 2535 privare
1113 2479 1282 2539 possit,
1323 2476 1390 2523 vel.

804 2557 836 2601 F
853 2556 876 2602 f
911 2569 939 2616 Δ,
1271 2553 1391 2602 auus
