1693 3110
297 191 379 243 162,
662 185 1153 231 EPISTOLA

302 304 494 362 ekemplo
516 308 573 350 rei
596 306 711 350 visae
733 309 800 349 vel
821 308 912 352 aliis
942 309 1187 360 ostendere,
1212 309 1278 352 vel
1301 310 1383 355 insi
1405 324 1528 368 prae·

306 386 447 439 cipere
471 385 687 433 solemus,
719 384 863 438 fingite
887 386 1010 427 vobis
1044 387 1379 438 metaphysicum
1404 390 1528 430 illum

305 461 526 511 libellum,
580 470 753 510 excepta
795 461 986 502 materiae
1025 461 1296 513 diversitate,
1349 462 1528 505 similem

305 550 398 580 esse
426 537 601 588 libello,
634 548 756 587 quern
794 536 961 588 nostis,
993 536 1175 590 Logico.

359 614 454 656 PH.
488 612 598 653 Satis
631 613 713 653 hoc
745 621 807 653 est
838 613 892 654 ad
922 613 1055 654 laudis
1087 615 1402 663 praestantiam.

364 689 442 732 W.
476 689 611 731 Immo
638 689 690 730 ad
711 687 1070 741 mediocritatem3
1102 689 1284 741 amplius
1323 690 1432 732 enim
1471 686 1535 730 nii

307 773 513 826 spectavi.

370 849 468 890 CR.
501 847 605 890 Non
637 848 739 890 satis
776 856 838 889 est
870 847 1134 889 similitudo:
1167 847 1334 890 accedat
1369 856 1539 899 oportet

314 926 571 976 aequalitas3
615 936 703 966 non
748 925 856 965 enim
896 936 1044 978 genere
1087 925 1255 976 solum,
1301 924 1373 966 sed
1412 923 1545 977 gradu

314 1002 436 1044 etiam
470 1003 562 1044 laus
596 1010 808 1046 censetur.

381 1079 453 1120 W.
501 1078 566 1119 En
611 1077 784 1118 solitum
825 1076 1133 1128 propriumque
1180 1076 1397 1118 critobuli
1437 1088 1540 1118 acu·

319 1152 442 1198 men!
476 1152 537 1195 sic
567 1161 658 1205 est,
690 1161 737 1193 ut
759 1152 846 1193 ais:
878 1162 918 1194 et
945 1163 1024 1206 ego
1045 1153 1337 1205 aequalitatem
1367 1163 1546 1206 quoque

316 1230 527 1285 spectavi.

378 1312 477 1355 CR.
514 1310 646 1362 Atqui
685 1311 723 1353 si
761 1319 980 1361 utramque
1014 1319 1237 1352 assecutus
1281 1323 1358 1364 es,
1400 1310 1468 1365 aj0
1505 1317 1549 1352 te

316 1401 444 1442 supra
478 1388 806 1430 mediocritatem
841 1388 1125 1430 adscendisse.

375 1462 452 1506 W.
486 1462 600 1515 Quid
631 1462 717 1503 ita?

376 1539 476 1582 CR.
508 1538 622 1594 Quia
648 1539 914 1581 mediocritas
939 1548 1003 1580 est
1028 1539 1280 1582 dimidium:
1311 1548 1352 1581 et
1378 1539 1552 1581 initium

320 1624 384 1658 est
420 1616 673 1667 dimidium3
712 1615 852 1668 iudice
895 1615 1076 1657 Horatio
1113 1615 1219 1656 enirn
1241 1646 1255 1667 ‚
1302 1614 1554 1656 Dimidiqm-

311 1692 459 1744 facti,
492 1692 565 1747 qai
589 1692 750 1746 coepit,
782 1691 930 1732 habet:
958 1700 1003 1731 tu
1026 1700 1161 1731 autem
1190 1703 1275 1733 non
1303 1691 1430 1732 modo
1458 1702 1558 1732 coe-

326 1765 460 1818 pisti,
493 1765 563 1805 sed
586 1764 706 1805 etiam
742 1763 992 1816 perrexisti:
1026 1766 1098 1806 sed
1133 1766 1230 1818 dic,
1267 1766 1424 1817 sodes,
1452 1775 1554 1817 qua·

322 1849 367 1881 re
397 1838 582 1879 libellum
615 1850 701 1879 non
730 1837 939 1878 edidisti?

380 1913 441 1954 w
490 1914 601 1967 Quia
635 1915 771 1955 solum
801 1913 987 1966 perrexi,
1025 1926 1099 1955 nec
1134 1912 1306 1966 perfeci.

383 1991 481 2033 CR.
516 1990 638 2032 Vah!
689 1989 823 2046 Quasi
854 2003 952 2032 vero
986 1992 1148 2032 nulium
1190 1990 1271 2032 nisi
1318 1990 1553 2043 perfectum

327 2065 482 2107 librum
533 2066 597 2107 edi
633 2066 696 2107 fas
728 2065 807 2107 sit!
856 2065 910 2107 ita
942 2079 1039 2109 sane
1070 2067 1195 2108 nobis
1235 2068 1458 2108 carendum
1500 2065 1557 2107 sit

327 2143 404 2185 ino
440 2154 647 2185 novorum
684 2151 898 2196 proventu
930 2142 1165 2193 librorum,
1201 2143 1274 2194 qui
1307 2155 1386 2184 nos
1431 2150 1561 2195 quot-

322 2219 446 2262 annis
480 2219 590 2261 beat.

385 2297 462 2339 W.
497 2297 568 2338 Tu
600 2298 765 2352 quidem
801 2299 977 2342 acutulo
1003 2307 1082 2339 tuo
1119 2297 1243 2352 genio
1281 2296 1560 2350 obsequeris:

328 2381 400 2425 et,
431 2372 502 2424 qui
539 2373 630 2425 ipse
664 2373 724 2416 nil
759 2373 942 2424 scribis,
976 2372 1109 2425 script
1128 2372 1276 2414 oribus
1301 2372 1423 2413 etiam
1461 2371 1562 2411 illu·

327 2449 423 2492 dis:
455 2462 563 2492 nova
597 2458 736 2493 tamen
768 2451 925 2503 scripta
961 2460 1167 2502 captans,
1200 2448 1237 2491 si
1277 2460 1398 2500 quam
1439 2446 1552 2487 forte

324 2523 376 2570 in
401 2524 455 2570 iis
478 2527 762 2580 deprehendas
786 2528 1013 2583 ineptiam,
1051 2525 1211 2569 ridendi
1236 2522 1556 2579 exagitandique

1467 2609 1555 2642 ma-
