1693 3110
337 169 419 217 DE
453 165 973 215 IMMORTALITATE
1002 164 1199 216 ANIMI.
1283 172 1368 229 605·

156 292 327 349 Fragm.
358 296 439 338 Ed.
475 295 579 336 Ern.
618 306 663 346 p.
693 304 815 348 1097.
874 293 939 334 Ex
970 294 1036 336 his
1073 293 1264 346 profecto
1301 306 1373 347 ap·

166 383 306 428 paret,
329 375 573 416 Ciceronem
598 372 840 426 judicasse,
865 372 1106 415 Aristotelis
1126 374 1372 415 sententiam

171 453 307 493 valere
330 452 378 493 ad
401 451 647 491 Animorum
680 447 1034 490 Immortalitatem
1065 449 1372 492 stabiliendam.

222 528 371 580 Longa
393 540 433 570 et
467 528 548 569 suit
578 537 616 568 et
652 527 889 568 etiamnunc
924 537 986 567 est
1018 528 1242 580 quaestio,
1273 528 1376 581 quid

166 605 337 658 proprie
377 604 625 645 Aristoteles
657 602 961 657 significaverit
989 616 1094 646 voce
1125 604 1196 647 illa
1222 607 1374 649 ἐντελε-

158 684 296 737 χείας·
329 694 458 732 eaque
492 682 719 734 conjuncta
744 690 808 722 est
842 692 937 722 curn
978 680 1140 733 reliqua
1170 680 1265 722 Viri
1300 683 1374 722 do-

164 758 331 807 ctrina,
362 758 416 798 ita
445 757 610 808 quidem
627 787 641 807 .,
675 765 753 808 ut,
785 756 820 797 si
841 768 884 797 ea
906 756 1159 809 explananda
1180 757 1261 809 sit,
1285 769 1373 798 ma-

165 847 246 889 gna
275 847 368 883 pars
391 834 523 875 totius
546 832 837 875 Aristotelicae
858 831 1151 884 Philosophiae
1174 834 1372 886 explicari

162 910 323 951 debeat.
381 909 509 963 Quod
541 921 668 961 quum
692 909 862 961 longius
898 908 955 950 sit
978 918 1100 960 quam
1130 921 1210 962 pro
1244 910 1371 965 hujus

168 983 474 1034 disputationis
509 984 694 1034 finibus;
728 983 832 1024 illud
862 996 1007 1036 agam,
1041 985 1156 1037 quod
1188 986 1368 1039 propius

161 1057 215 1097 ad
249 1066 436 1098 nostrum
468 1060 694 1101 consilium
730 1059 938 1112 pertinet,
971 1070 1019 1102 ut
1043 1060 1257 1101 ostendere
1278 1071 1370 1102 stu-

156 1133 270 1176 deam
289 1166 302 1187 ,
336 1148 438 1187 quae
469 1134 595 1177 fuerit
621 1138 820 1178 sententia
850 1136 1095 1178 Aristotelis
1125 1135 1175 1176 de
1208 1136 1296 1178 vita
1329 1146 1370 1178 et

155 1223 271 1255 statu
303 1215 475 1255 Animae
507 1224 608 1266 post
640 1214 851 1267 Corporis
883 1224 1075 1257 mortem.

214 1288 272 1329 Et
309 1287 486 1337 primum
522 1288 715 1340 quidem,
762 1301 893 1340 quum
929 1289 1084 1342 scripta
1118 1289 1372 1343 Philosophi

155 1364 268 1406 haud
303 1376 432 1416 pauca
465 1364 516 1405 ad
546 1376 731 1406 nostram
765 1374 938 1407 aetatem
969 1365 1191 1417 venerint,
1222 1378 1271 1406 ex
1301 1367 1369 1407 his

155 1440 304 1494 potius
331 1450 452 1490 quarn
483 1438 650 1480 aliunde
672 1439 809 1491 ipsius
832 1441 1080 1482 sententiam
1105 1440 1366 1494 indagemus.

155 1516 255 1558 Fuit
297 1525 431 1557 autem
482 1515 635 1566 duplex
678 1526 809 1568 genus
845 1515 1046 1556 librorum
1091 1515 1369 1569 Aristotelis⁷

156 1591 420 1634 Esotcricum
457 1599 495 1630 et
533 1589 827 1632 Exotericstm.
887 1588 954 1631 Ex
978 1589 1196 1632 Esoterico
1223 1603 1368 1644 genere

156 1678 256 1711 sunt
278 1667 466 1721 plerique
493 1678 636 1708 omnes
662 1666 723 1718 ii,
750 1666 820 1718 qui
839 1665 1046 1718 hodieque
1063 1676 1254 1720 exstant3
1280 1679 1368 1708 cer-

156 1754 198 1787 te
230 1744 288 1795 ii,
330 1743 371 1785 in
398 1743 553 1795 quibus
577 1743 626 1785 de
649 1742 825 1785 Animae
849 1744 999 1785 natura
1023 1751 1062 1784 et
1086 1743 1364 1795 qualitatibus

156 1820 374 1877 proditum
408 1830 488 1862 est.
547 1819 806 1862 Exotericus
839 1819 922 1861 fuit
949 1819 1192 1873 Eudemus,
1221 1820 1369 1863 Dialo-

157 1909 237 1952 gus
259 1898 308 1939 de
333 1896 516 1948 Anima,
543 1896 616 1949 qui
643 1895 778 1949 periit.
814 1895 871 1937 Et
895 1895 1105 1949 perierunt
1135 1908 1279 1939 omnes
1305 1895 1367 1938 fe·

157 1985 200 2014 re
227 1972 441 2015 Exoterici
468 1971 595 2024 libri,
629 1984 780 2026 magno
805 1972 1012 2014 literarum
1037 1973 1218 2026 damn03
1250 1975 1368 2026 quod

154 2049 222 2091 hic
257 2061 368 2092 error
399 2050 528 2101 vulgo
565 2048 844 2100 invaluisset,
894 2048 936 2090 in
981 2049 1087 2091 solis
1125 2050 1363 2092 Esotericis

152 2138 288 2168 veram
330 2124 578 2166 Aristotelis
621 2122 866 2165 sententiam
920 2123 1211 2177 consignatam
1257 2136 1366 2168 esse.

151 2202 217 2244 De
241 2201 320 2242 hac
346 2198 578 2243 differentia
611 2200 648 2241 si
684 2200 942 2254 cogitassent
978 2200 1038 2252 ii,
1070 2201 1144 2252 qui
1183 2201 1235 2243 de
1266 2202 1368 2244 Phi-

154 2277 327 2330 losophi
351 2278 555 2319 sententia
583 2277 627 2319 in
656 2286 899 2330 argumento
921 2276 1255 2320 Immortalitatis
1281 2278 1370 2320 dis-

158 2361 390 2405 putarunt,
438 2351 651 2395 certiorem
701 2353 1001 2406 disputationis
1053 2353 1207 2396 exitum
1252 2356 1368 2397 inve-

155 2428 337 2472 nissent.
410 2429 491 2470 Iam
529 2441 624 2472 vero
662 2430 706 2472 in
741 2427 878 2482 Opere
922 2429 972 2470 (lc
1015 2430 1210 2483 Αηίηιά,
1252 2442 1291 2471 et
1326 2431 1368 2471 in

146 2505 276 2559 -aliis,
321 2505 396 2559 qui
437 2516 690 2559 supersunt,
737 2505 889 2560 libris,
930 2505 1015 2549 fere
1062 2508 1219 2550 nullam
1268 2506 1372 2547 facit

1258 2596 1372 2624 rnen..

1398 303 1482 334 sect.
1506 303 1564 337 vt.

1397 345 1610 384 Aristoleles,
