1693 3110
260 184 341 228 aas
491 172 1265 227 PROTREPTICUS}

255 304 494 358 Nepotem,
536 299 815 352 Sallustium,
865 299 1068 344 Livium:
1107 311 1147 343 et
1176 301 1281 344 alios
1311 302 1470 346 multos

254 382 299 424 in
330 381 421 421 aliis
454 376 705 431 generibus,
737 377 993 430 scriptores,
1025 388 1064 420 et
1102 379 1184 421 hoc
1224 393 1397 433 aevum,
1428 391 1470 424 et

261 467 442 508 sequens
474 455 612 498 omnis
650 455 878 497 Caesarum
907 463 1048 507 aetas,
1091 456 1215 498 tulit:
1264 469 1373 509 quos
1405 470 1467 501 re-·

257 542 424 572 censere
456 530 515 572 nil
551 531 717 573 attinet.

305 604 447 657 Magis
480 617 544 645 me
582 606 803 648 advertunt
840 606 1022 659 Graeci,
1055 608 1095 650 in
1123 608 1269 660 primis
1294 607 1471 650 Atheni-

252 693 403 732 enses,
437 680 695 733 quibuscum
739 682 864 724 nobis
895 684 1025 736 maJ'or
1061 685 1193 724 laudis
1219 695 1257 724 et
1275 683 1469 724 fortunae

254 756 492 800 similitudo
517 757 750 800 intercedit.
812 757 868 799 Hi
893 768 992 810 ergo
1012 789 1026 810 ,
1059 770 1185 810 quum
1204 788 1218 809 ,
1245 765 1290 798 ut
1314 757 1468 809 reliqui

254 832 415 884 singuli
456 831 656 873 Graeciae
707 833 889 884 populi,
933 833 976 874 in
1013 834 1164 874 liberae
1194 833 1329 874 forma
1364 833 1470 884 reipa

252 908 493 962 degissent,
523 906 568 964 in
602 906 742 959 iisque
778 917 817 949 et
854 908 1061 949 maritimo
1097 908 1271 959 imperio
1295 917 1337 949 et
1366 919 1472 947 mer-

251 993 418 1026 caturae
450 982 661 1035 negotiis,
692 992 732 1024 et
768 982 1001 1024 Literarurn
1040 984 1278 1036 artiumque
1314 982 1471 1024 studiis

248 1058 461 1114 principes
477 1088 491 1109 ,
518 1058 689 1099 Darium
717 1068 755 1098 et
777 1060 950 1100 Xerxem
971 1090 985 1109 ,
1008 1058 1207 1100 Graeciae
1228 1062 1474 1099 servitutem

251 1135 540 1185 intentantes,
584 1133 819 1174 incredibili
869 1144 1053 1184 virtute,
1097 1135 1306 1175 acerrimis
1350 1144 1475 1185 proe-

247 1209 346 1263 liis,
390 1212 441 1252 ad
477 1209 803 1260 Marathonem,
846 1212 1147 1263 Artemisium,
1194 1210 1476 1259 Salaminem,

250 1286 465 1336 Plataeas,
497 1285 636 1328 victos
664 1285 805 1337 fugere
843 1287 1105 1339 coegissent.-
1142 1298 1230 1327 tum
1264 1285 1475 1336 Pelopon-

255 1362 375 1406 nesio
409 1360 521 1403 bello
559 1362 761 1402 diuturno
795 1375 840 1402 ac
881 1361 1038 1403 difficili
1061 1374 1103 1402 se
1129 1363 1329 1403 adversus
1354 1359 1474 1411 ipsos

252 1436 442 1478 Graecos
476 1435 601 1476 tutati
635 1446 804 1488 essent,
837 1439 1028 1487 tandem,
1060 1449 1145 1478 non
1171 1437 1364 1478 obstante
1387 1446 1476 1476 tan-

249 1522 292 1554 ta
310 1512 517 1555 virtutum
542 1513 900 1564 victoriarumque
921 1513 1054 1564 gloria
1069 1542 1083 1563 ‚
1112 1512 1349 1552 labefactati
1371 1519 1473 1552 sunt

251 1589 534 1630 invalescente
568 1587 855 1629 Macedonum
888 1596 1107 1639 potentia,
1137 1586 1322 1639 Philippi
1350 1597 1390 1627 et
1415 1587 1476 1628 A·-

253 1661 438 1707 lexandri
460 1676 474 1716 3
507 1663 548 1705 in
575 1675 755 1715 quorum
781 1673 822 1705 et
847 1663 915 1704 his
940 1662 1135 1714 deinceps
1160 1662 1476 1703 succedentium

256 1753 401 1794 regum
427 1739 587 1781 ditione
613 1737 813 1780 fueruntt
838 1738 1094 1790 quibuscum
1118 1738 1297 1790 denique
1316 1750 1361 1779 ac
1385 1746 1476 1779 tota

256 1828 353 1857 cum
380 1811 558 1858 Graecia
584 1809 666 1866 ipsi
690 1825 862 1866 quoque
890 1814 931 1855 in
979 1813 1266 1855 Romanorum
1294 1822 1482 1865 potesta·

266 1901 349 1934 tem
386 1891 539 1933 redacti
574 1899 689 1931 sunt.
751 1892 896 1942 Atque
928 1888 972 1931 in
1011 1900 1124 1932 tanta
1157 1900 1332 1930 casuum
1369 1900 1479 1929 con·

261 1968 593 2019 versionumque
631 1965 855 2011 varietate,
889 1965 1060 2010 caeteris
1093 1964 1359 2019 jacentibus,
1391 1962 1475 2003 soli

255 2042 538 2086 Athenienses
588 2050 695 2083 stare
727 2041 1011 2083 videbantur:
1057 2041 1080 2082 ὰ
1128 2039 1471 2090 Macedonibus,

260 2118 353 2162 aliis
375 2118 546 2160 Graecis
570 2117 739 2171 regibus
757 2147 770 2168 ‚
794 2116 998 2159 Romanis
1023 2116 1290 2168 principibus
1316 2117 1358 2155 in
1383 2127 1470 2167 rep.

258 2195 395 2245 viris,
440 2204 481 2235 et
529 2192 812 2245 Caesaribus,
856 2204 1082 2245 praecipuo
1119 2204 1281 2243 semper
1315 2191 1475 2232 honore

254 2284 302 2314 ac
340 2269 580 2322 dignatione
616 2269 902 2311 afficiebantur
929 2298 942 2318 ,
984 2267 1134 2309 veteris
1170 2279 1265 2310 cum
1300 2266 1474 2307 virtutis

257 2355 346 2389 tum
388 2346 601 2386 doctrinae
637 2357 802 2386 caussa.
849 2346 991 2394 Atque
1023 2343 1102 2394 ipsi
1128 2356 1170 2384 se
1195 2344 1245 2384 ad
1267 2343 1473 2396 majorum

259 2420 433 2475 gloriam
459 2420 702 2472 erigebant,
733 2421 883 2461 borum
911 2420 1109 2460 victorias
1132 2430 1170 2460 et
1194 2420 1338 2461 heroes
1365 2419 1473 2459 cele-

260 2493 465 2548 brabant,
508 2495 778 2548 Miltiadem,
815 2495 1176 2546 Themistoclem,
1220 2494 1469 2537 Cimonem}>

1424 2575 1472 2607 ut
