1693 3110
212 185 288 240 ἐρ,
479 168 1057 222 ·.EPISTOLA

224 303 282 347 sit
304 300 355 342 ad
376 296 602 341 sententiae
623 292 907 346 cognitionem
933 290 1161 343 pervenire.
1220 290 1431 345 Equidem

226 374 397 422 memini
420 384 486 414 me
509 369 733 421 aliquando
756 368 798 409 in
823 367 1069 409 istiusmodi
1094 366 1344 419 flagitatores
1369 370 1435 410 in-

224 452 399 495 cidisse.
468 447 526 488 Et
560 444 632 486 Tu
671 442 851 484 fortasse
891 456 1063 496 quoqne
1095 433 1327 496 incideris,
1379 444 1437 486 mi

226 527 415 569 Heusde.
485 522 577 563 Nec
608 521 761 562 desunt
794 521 867 573 qui
900 521 1078 562 istorum
1114 522 1316 563 desideria
1343 534 1442 574 pro-

230 605 346 646 bent.
405 599 602 642 Vidimus
631 597 861 650 aliquando
888 597 1006 639 viros
1032 598 1247 640 doctrinae
1267 599 1446 640 tuendae

231 680 378 724 socios
394 708 409 730 ‚
426 686 631 718 certamen
647 687 692 716 ac
714 673 941 727 praemium
963 686 1196 728 proponere
1209 674 1450 727 disceptan-

233 760 308 803 dae
333 753 602 809 quaestioni,
635 752 850 804 quomodo
876 751 1000 805 poeta
1024 750 1174 804 Belga,
1194 751 1236 792 id
1259 760 1346 803 est,
1368 751 1448 793 ho-

238 847 310 878 mo
333 832 502 885 Belgica
525 830 670 882 lingua
697 839 842 869 versus
862 826 1078 879 scribens9
1096 827 1162 868 vel
1184 826 1450 879 scripturus,

235 910 421 953 Graecae
444 907 611 958 linguae
637 915 814 955 expers,
846 901 896 942 ad
930 901 1102 943 Homeri
1135 901 1451 954 intelligentiam

238 984 458 1040 pervenire
480 980 634 1034 possit.
694 977 820 1019 Haud
848 975 969 1017 mirer
991 977 1027 1017 si
1050 976 1275 1029 aliquando
1297 989 1456 1029 propo-

241 1073 394 1116 natur,
427 1060 643 1113 quomodo
673 1055 959 1112 philosophus
984 1053 1111 1107 Belga
1129 1085 1143 1106 ‚
1174 1053 1356 1095 Graecae
1378 1053 1458 1095 lin-

242 1152 348 1196 guae
379 1149 552 1191 expers,
584 1136 631 1177 ad
668 1133 854 1176 Platonis
891 1130 1205 1185 intelligentiam
1244 1132 1459 1183 pervenire

242 1215 404 1271 possit.
467 1213 568 1264 Tu,
598 1212 632 1254 si
662 1209 771 1252 forte
797 1210 839 1251 in
871 1217 1076 1250 certamen
1109 1207 1365 1258 descendes,
1398 1207 1461 1249 vi-

248 1292 367 1334 debis
395 1290 498 1342 quid
522 1287 789 1340 respondeas,
851 1284 946 1338 Ego
969 1296 1054 1325 non
1080 1283 1342 1325 descendam.
1383 1283 1463 1325 Sed

243 1369 357 1412 inter
379 1379 460 1409 nos
486 1365 754 1419 respondeam
772 1393 786 1413 ‚
818 1373 952 1413 neque
977 1360 1179 1412 Homeri,
1210 1372 1346 1412 neque
1369 1361 1463 1402 Pla·

247 1444 366 1488 tonis
405 1443 590 1494 scripta,
623 1452 873 1492 quemquam
910 1439 1138 1491 intelligere
1170 1438 1256 1479 nisi
1286 1438 1470 1480 Graecae

249 1521 419 1574 linguae
455 1527 647 1560 accurate
685 1517 1003 1570 intelligentem.
1072 1516 1115 1558 Si
1150 1516 1211 1557 nil
1243 1516 1326 1558 nisi
1360 1515 1471 1558 facta

254 1596 493 1650 quaerimus
511 1625 524 1645 ‚
558 1603 604 1633 ut
630 1591 673 1633 in
697 1590 904 1642 historia,
936 1591 1078 1643 possit
1100 1603 1199 1633 sane
1221 1592 1403 1645 scriptor
1426 1592 1471 1633 in

254 1673 470 1726 vulgarem
504 1669 688 1721 linguam
732 1667 863 1708 verti:
897 1667 1075 1717 sedita,
1109 1676 1157 1707 ut
1190 1677 1327 1719 pereat
1350 1679 1473 1710 omne

260 1749 467 1791 orationis
491 1746 632 1786 lumen
656 1753 695 1784 et
721 1754 894 1783 acumen
911 1772 925 1791 ‚
945 1742 1085 1783 omnis
1108 1741 1284 1783 affectus
1306 1755 1475 1785 sensus·

262 1835 347 1875 que
383 1819 614 1868 dictionis,
656 1816 793 1857 omnis
832 1815 983 1867 gratiae
1019 1815 1337 1867 venustatisque
1367 1816 1472 1858 ssos:

263 1912 370 1952 quae
406 1896 545 1940 omnia
584 1892 765 1946 singulis
798 1891 936 1934 verbis
971 1900 1010 1932 et
1034 1893 1354 1933 constructione
1376 1905 1480 1935 con-

265 1975 486 2024 tinentur,
518 1983 594 2013 nec
636 1968 713 2010 alia
746 1967 789 2010 in
826 1968 968 2020 lingua
1005 1967 1159 2020 pariter
1182 1970 1356 2019 exprimi
1383 1982 1484 2022 pos-

268 2061 400 2095 sunt:
435 2048 569 2091 veluti
603 2060 651 2090 ex
691 2058 842 2099 magno
874 2045 1092 2087 intervallo
1124 2046 1261 2098 pulcri
1290 2048 1480 2098 corporis

267 2141 357 2173 non
376 2126 459 2170 nisi
479 2125 716 2167 universam
741 2122 887 2164 faciem
911 2121 1103 2164 extremis
1127 2122 1246 2173 quasi
1269 2122 1389 2164 lineis
1411 2123 1482 2164 de·

269 2207 474 2259 signatam
498 2201 714 2243 videmus:
745 2199 974 2253 peculiares
997 2199 1298 2252 pulcritudinis
1316 2210 1483 2252 partes,

271 2294 353 2331 os,
385 2280 564 2329 oculos„
599 2276 794 2318 obtutum
816 2307 830 2327 ,
862 2276 1137 2326 lineamenta,
1179 2275 1373 2328 vultum,
1417 2290 1491 2319 co.

272 2358 403 2398 lorem
421 2386 435 2406 ‚
468 2355 595 2396 animi
623 2365 875 2405 morumque
898 2352 1245 2407 significationem
1264 2385 1278 2406 ‚
1309 2367 1396 2397 non
1426 2355 1491 2396 vi-

274 2433 435 2473 demus.
507 2429 659 2482 Neque
705 2431 804 2471 adeo
843 2429 954 2471 sacta
992 2428 1082 2482 ipsa
1121 2439 1228 2470 recte
1263 2431 1490 2484 intelligere

276 2518 508 2561 possumus
526 2535 541 2557 ,
573 2505 665 2547 sine
693 2504 937 2558 cognitione
958 2505 1207 2559 opinionum
1225 2536 1239 2559 ,
1272 2505 1493 2548 instituto-

1364 2592 1454 2622 rum
1469 2609 1486 2635 2
