1693 3110
299 197 383 244 594
601 184 1215 232 DISPUTATIO

115 307 272 390 {gg-V·
301 318 395 360 est,
427 307 509 350 hoc
549 307 654 361 ipsis
687 318 754 351 est
789 312 884 352 aer:
920 309 1034 361 quod
1054 321 1152 351 vero
1174 308 1300 351 nobis
1336 312 1408 354 aer
1433 321 1528 367 est,

298 385 380 427 hoc
406 382 512 434 ipsis
537 391 601 422 est
630 383 798 424 aether:
831 383 889 424 ihi
923 384 1064 424 omnia
1100 393 1199 425 sunt
1227 384 1431 439 puriora,
1459 389 1523 431 di-

297 460 504 502 lucidiora
538 489 554 511 ,
611 472 656 502 ac
703 460 969 502 subtiliora:
1017 459 1280 502 acutioribus
1326 464 1524 508 sensibus

298 545 399 577 sunt
426 534 627 587 praediti,
659 535 816 588 majore
842 535 1117 584 intelligentia
1146 535 1312 586 valent,
1346 545 1386 577 et
1423 549 1526 590 pro·

295 612 416 665 piore
440 611 627 653 Deorum
652 613 960 655 consuetudine
983 610 1201 653 fruuntur.
1258 611 1354 654 Nos
1392 625 1527 664 vero,

293 695 506 739 tamquam
546 689 688 741 pisces
726 688 768 729 in
809 686 1027 740 profundo
1066 688 1198 739 mari,
1227 686 1285 729 ita
1314 687 1357 729 in
1379 687 1529 731 infimo

290 767 382 808 aere
415 765 634 819 degimus:
671 764 794 818 pauci
831 773 960 816 caput
1008 762 1194 805 efferunt
1236 764 1280 805 in
1314 764 1526 817 puriorem

290 841 540 893 aetherem3
582 840 722 882 omnia
783 841 898 893 apud
950 851 1030 881 nos
1080 851 1224 882 crassa
1273 852 1318 882 ac
1365 849 1527 883 terrena

290 926 419 970 sunt,
454 918 623 959 hebetes
659 928 843 969 senSUS‚
876 918 990 959 tarda
1015 917 1323 971 intelligentia,
1354 917 1416 960 nil
1451 929 1521 960 ve-

289 1003 332 1033 re
362 992 604 1044 sincereque
629 990 843 1032 bonum.’'

346 1068 413 1110 Ex
440 1068 548 1120 Rep.
575 1069 631 1111 X.
677 1098 704 1120 n
731 1069 830 1110 Duo
862 1077 966 1110 sunt
993 1068 1036 1110 in
1063 1068 1198 1120 terra,
1231 1068 1372 1122 iisque
1406 1080 1428 1109 e
1459 1080 1524 1110 re-

290 1146 419 1200 gione
452 1146 645 1198 oppositi
692 1145 777 1187 duo
825 1147 867 1186 in
904 1145 1057 1196 coelo,
1097 1145 1266 1196 hiatus,
1310 1157 1381 1197 per
1412 1155 1526 1197 quos

291 1223 470 1267 Animae
492 1222 754 1264 adscendunt
776 1233 822 1263 ac
849 1221 1130 1263 descendunt.
1185 1220 1234 1262 ln
1259 1220 1408 1261 horum
1438 1232 1524 1261 me·-

293 1298 365 1340 dio
404 1298 548 1339 sedent
577 1295 774 1347 Iudices,
819 1296 894 1346 qui
945 1297 994 1336 de
1029 1295 1265 1336 Animabus
1300 1295 1525 1348 judicant,

291 1372 432 1424 iisque
459 1373 576 1423 signa
600 1371 759 1412 addunt
783 1368 888 1411 bene
927 1369 993 1410 vel
1032 1371 1136 1410 male
1161 1368 1396 1412 factorum:
1429 1371 1523 1422 pias

294 1448 347 1489 ad
369 1447 572 1488 dexteram
597 1457 794 1495 sursum,
831 1444 980 1496 impias
1010 1446 1060 1485 ad
1084 1445 1295 1486 sinistram
1320 1447 1523 1488 deorsum-

295 1524 507 1576 ablegant.
586 1520 808 1561 Circuitus
845 1519 1091 1561 Animarum
1133 1518 1180 1560 fit
1215 1520 1330 1561 mille
1363 1521 1512 1565 annis:

297 1611 404 1652 quae
440 1598 548 1640 mala
587 1595 919 1646 commiserunt,
951 1594 1141 1636 centenis
1176 1596 1419 1648 quibusque
1444 1602 1526 1639 ani

293 1675 363 1718 nis
398 1675 666 1728 puniuntur3
698 1682 746 1714 ut
785 1671 1001 1712 malefacta
1042 1672 1178 1712 decies
1217 1673 1364 1723 luant,
1395 1672 1431 1713 si
1474 1672 1521 1715 in

295 1751 402 1793 alios
428 1751 552 1792 caede
576 1747 877 1803 injustitiaque
912 1747 1160 1788 saevierint:
1195 1747 1330 1789 eadem
1358 1747 1526 1791 ratione·

293 1825 397 1867 boni
432 1823 746 1867 benefactorum
774 1822 956 1876 praemia
979 1823 1115 1864 decies
1145 1823 1376 1876 accipiunt.
1437 1824 1520 1866 Sed

295 1910 395 1944 sunt
444 1899 696 1942 insanabiles
743 1911 915 1951 quoque
952 1897 1155 1950 malefici,
1196 1909 1374 1949 quorum
1411 1911 1517 1951 poe-

294 1989 348 2019 na
390 1977 504 2018 mille
536 1987 740 2018 annorum
779 1974 962 2016 circuitu
998 1985 1084 2014 non
1131 1971 1395 2024 absolvitur,
1439 1974 1515 2016 sed

294 2051 491 2103 deinceps
537 2052 821 2101 instauratur,
864 2049 996 2092 veluti
1036 2047 1271 2100 sacrilegi,
1317 2049 1515 2101 tyranni,

294 2136 335 2169 et
371 2126 544 2170 similes.
605 2127 837 2177 Ceterum,
865 2124 1041 2177 expletis
1074 2123 1184 2175 mille
1225 2126 1373 2175 annis,
1402 2125 1513 2167 Ani-

294 2214 384 2244 mae
422 2203 639 2244 ducuntur
673 2203 725 2245 ad
763 2200 1029 2244 sortitionem
1064 2203 1265 2241 novarum
1299 2199 1511 2243 vitarum}

294 2278 370 2320 ubi
395 2279 565 2321 maxime
590 2289 700 2329 opus
732 2286 795 2319 est
823 2275 1019 2328 prudenti
1042 2275 1253 2326 consilio,
1287 2287 1337 2317 ne
1373 2277 1515 2329 specie

292 2354 487 2406 deceptae
509 2354 690 2407 pejorem
713 2353 840 2395 vitam
868 2351 1028 2393 meliori
1047 2359 1325 2402 anteponant:
1358 2352 1511 2403 plerae-

297 2442 381 2481 que
415 2439 553 2470 tamen
584 2431 722 2471 studia
761 2427 913 2481 prioris
952 2427 1059 2467 vitae
1094 2437 1332 2477 sequuntur
1359 2427 1398 2468 in
1430 2429 1512 2468 ele-

299 2505 444 2547 ctione
477 2516 612 2548 novae
645 2505 770 2548 vitae.
827 2503 1102 2555 Posteaquam
1141 2503 1250 2545 vitas
1270 2504 1516 2556 elegerunt,

1440 2579 1513 2620 ab.
