1693 3110
431 191 767 243 PHAEDONIS
808 192 879 244 PL
887 194 1158 247 ATONICL
1332 214 1350 248 1
1361 210 1414 258 15’

176 318 234 366 mi
272 322 529 374 praesentia}
574 327 701 376 atque
740 320 797 363 ita
832 323 875 365 in
913 325 1114 368 omnibus
1156 320 1250 370 aliis
1283 323 1410 371 rebus

176 412 255 445 est⁶
313 402 400 456 Jam
433 413 534 444 vero
573 413 667 453 res,
711 400 828 442 verbi
869 404 1050 457 caussa,
1091 405 1224 447 calida
1261 413 1409 460 potest

175 478 330 532 frigida
370 478 487 532 fierig
533 477 626 531 ipse
664 478 780 520 calor
820 487 1048 531 numquam
1093 489 1238 533 potest
1266 480 1408 535 frigus

174 556 277 597 fieri.
328 554 412 598 Res
439 555 582 607 pulcra
607 563 747 607 potest
775 553 914 607 turpis
937 553 1052 598 fierit
1085 554 1174 609 ipsa
1197 558 1412 610 pulcritu-

180 633 234 674 do
261 641 490 682 numquam
520 637 664 682 potest
704 628 790 670 fieri
819 629 1059 684 turpitudo.
1124 629 1238 675 Nam
1265 645 1413 686 super·

171 711 364 754 veniente
398 707 586 763 frigore,
631 708 747 751 calor
785 709 905 761 abit4
953 717 1029 751 nec
1067 708 1159 764 ipse
1192 709 1235 753 in
1269 709 1410 766 frigus

172 794 398 828 mutaturi
444 784 767 837 superveniente
814 784 1114 838 turpitudine,
1163 785 1407 840 pulcritudo
1429 797 1612 835 Argumens

169 861 286 912 abit3
319 867 396 902 nec
435 860 526 912 ipsa
567 858 609 900 in
648 859 955 913 turpitudinem
985 869 1187 904 mutatur.
1249 859 1311 903 lta
1338 874 1410 903 su·
1428 839 1609 921 {322¹ssth

169 937 437 993 perveniente
458 947 624 988 morte,
661 935 841 979 Animus
866 937 982 989 ahit9
1014 949 1092 979 nec
1115 937 1207 992 ipse
1227 938 1271 981 in
1302 951 1413 982 mor..

168 1021 252 1057 tem
287 1020 491 1055 mutatum
557 1008 666 1054 Nam
707 1012 850 1055 Animi
886 1015 1125 1068 praesentia
1163 1014 1336 1068 Corpus
1361 1015 1412 1059 fit

168 1090 398 1131 animatum
435 1100 475 1130 et
509 1088 686 1142 vivum3
732 1097 772 1130 et
801 1096 866 1130 est
901 1088 1045 1131 AnImi
1083 1098 1232 1131 natura
1265 1090 1408 1135 eadem

172 1179 302 1222 atque
326 1168 517 1211 Idearum
545 1168 958 1222 Essentiarumque,
984 1181 1092 1223 quae
1113 1178 1280 1224 semper
1303 1171 1410 1214 sub-

168 1244 354 1296 sistunt,
397 1256 473 1286 nec
514 1253 716 1297 umquam
757 1243 783 1286 a
819 1246 897 1288 sua
929 1244 972 1287 vi
1006 1246 1224 1290 secedunt.
1286 1246 1408 1301 Ergo

163 1320 349 1365 Animus
371 1329 434 1362 est
459 1315 778 1362 Immortalis.”

220 1401 334 1445 Haec
374 1412 437 1444 est
468 1411 811 1457 argumentorum
841 1399 884 1445 in
910 1401 1133 1445 Phaedone
1171 1403 1404 1458 explicito·

165 1487 261 1523 vrum
285 1490 481 1530 summa,
514 1477 629 1520 brevi
658 1488 700 1519 et
724 1478 985 1532 perspicuo,
1018 1478 1162 1530 quoad
1191 1479 1282 1534 eJ'us
1311 1477 1401 1521 fieri

162 1554 337 1609 potuit,
381 1553 635 1608 compendio
687 1554 919 1608 designata.
994 1551 1078 1594 Sed
1122 1554 1172 1596 de
1217 1553 1402 1608 singulis

159 1631 356 1684 deinceps
387 1629 520 1672 verbo
551 1629 804 1670 monendum
844 1639 926 1671 est.

219 1706 405 1747 Primum
438 1704 594 1746 nititur
618 1704 777 1746 Divina
811 1705 1083 1749 Providentia
1111 1711 1151 1748 et
1173 1707 1399 1761 reprehena

160 1785 283 1829 sione
304 1783 532 1837 Corporis.
589 1811 615 1836 ,.,
643 1783 826 1826 Animus
852 1783 894 1826 in
921 1785 1119 1839 Corpore
1141 1798 1229 1830 non
1252 1797 1396 1841 potest

161 1860 371 1914 consequi
391 1858 605 1902 veritatem
624 1869 663 1901 et
680 1861 899 1904 virtutem.
939 1863 1075 1916 Atqui
1099 1876 1164 1906 res
1190 1866 1396 1909 humanae

156 1939 447 1995 gubernantur
470 1938 494 1979 a
524 1937 682 1979 Divina
717 1938 1012 1992 Providentia,
1046 1952 1152 1993 quae
1177 1941 1219 1983 in
1245 1942 1396 1994 primis

153 2028 301 2058 curam
327 2027 373 2057 ac
398 2015 570 2056 tutelam
596 2027 740 2057 eorum
767 2016 902 2068 gerit,
937 2017 1011 2069 qui
1038 2017 1079 2058 in
1104 2019 1183 2059 hac
1210 2017 1299 2061 vita
1323 2031 1394 2061 ve-

157 2092 273 2134 ritati
296 2105 341 2135 ac
364 2092 514 2134 virtuti
537 2092 806 2136 studuerunt.
851 2091 937 2148 Qui
960 2093 1127 2146 quidem
1162 2094 1261 2137 haec
1282 2096 1395 2138 bona

155 2178 258 2223 post
281 2169 490 2222 Corporis
522 2179 697 2211 mortem
728 2163 1096 2223 consequentur.⁵’
1140 2172 1278 2214 Habet
1302 2186 1395 2215 om·-

156 2242 261 2286 nino
276 2243 583 2296 argumentatio
610 2257 797 2300 magnam
827 2246 1268 2301 verisimilitudinem3
1293 2247 1330 2289 si
1353 2247 1397 2291 ef

158 2319 344 2364 Divinae
365 2319 655 2364 Providentiae
675 2323 979 2366 demonstratio
1004 2324 1274 2379 adjungatur.

211 2397 397 2438 Secundi
432 2397 684 2452 Arg-umenti
710 2402 808 2443 haec
840 2409 904 2443 est
937 2400 1033 2454 vis,
1065 2412 1114 2444 ut
1140 2415 1189 2445 ex
1215 2410 1392 2457 compa-

157 2472 318 2516 ratione
342 2476 558 2530 omnium‚
587 2490 693 2532 quae
716 2481 759 2524 in
786 2478 933 2524 natura
959 2490 1088 2535 sunt,
1112 2482 1388 2535 ostendatur,

156 2558 335 2596 mortem
360 2565 449 2596 non
473 2566 565 2598 esse
589 2558 814 2600 transitum
846 2558 890 2601 in
918 2558 1125 2614 nihilum,
1155 2559 1228 2603 sed
1255 2568 1392 2601 trans-

757 2633 802 2677 H
832 2647 861 2677 ε’.
1281 2634 1390 2681 itum
