1693 3110
217 217 275 261 ³6
579 204 1068 256 EPISTOLA

220 319 382 381 batium
413 333 458 379 in
480 331 690 387 Topicis,
723 343 770 374 1:
805 329 890 374 Sed
908 344 936 372 a
960 330 1083 373 libris
1120 326 1144 383 ζ
1158 330 1437 383 Aristotelis)

220 421 262 454 te
286 411 516 452 obscuritas
543 406 709 460 rejecit.
771 406 829 448 Et
863 418 995 458 quum
1035 406 1084 447 de
1117 404 1215 456 his,
1248 418 1353 457 quae
1385 406 1438 447 ad

220 497 302 530 nos
330 491 490 526 servata
515 490 645 532 sunt,
675 479 961 522 Aristotelicis
991 478 1163 531 scriptis
1188 477 1439 520 dissentiant

221 561 417 605 homines
450 559 598 610 docti,
647 568 753 610 quae
785 557 870 600 sint
902 556 1059 608 scripta
1090 557 1132 597 in
1165 554 1442 601 acroamatico

227 649 375 691 genere
403 633 635 686 censenda,
669 645 775 686 quae
805 632 848 674 in
871 632 1109 684 exoteric03
1142 632 1283 673 minus
1309 631 1443 671 incer-

224 724 299 756 tus
333 712 414 753 erit
458 722 614 753 census
655 710 886 752 secundum
928 707 1309 761 perspicuitatem:
1355 718 1444 757 quo

226 794 394 847 quidem
420 802 552 833 censu
595 791 794 842 pleraque
817 788 975 841 scripta
997 788 1041 830 in
1069 801 1215 841 genere
1237 801 1449 831 acroama·

227 874 316 914 tico
350 871 416 912 vel
451 866 820 924 hypomnematico
855 875 977 906 erunt
1021 865 1224 907 habenda.
1295 865 1450 916 Neque

228 949 406 992 dubium
443 954 532 997 est,
587 943 690 996 quin
725 941 1084 996 hypomnematici
1124 940 1285 995 generis
1317 941 1451 995 maJ'or

232 1025 356 1066 etiam
385 1021 516 1063 fuerit
542 1017 811 1069 obscur-itas3
844 1021 880 1058 si
906 1017 1071 1070 quidem
1095 1018 1177 1058 hoc
1201 1029 1333 1071 genus
1370 1029 1448 1058 nec

229 1102 285 1144 ab
307 1098 432 1141 initio
457 1098 508 1138 ad
532 1095 757 1137 editionem
783 1104 821 1135 et
846 1092 1188 1146 perspicuitatem
1211 1092 1452 1134 conforma-

229 1185 322 1217 tum
358 1172 412 1215 ab
448 1170 709 1221 Aristotele,
753 1168 898 1210 deinde
933 1180 1029 1210 cum
1065 1168 1190 1222 hujus
1227 1180 1274 1209 ac
1309 1168 1455 1211 Theo·

233 1250 399 1305 phrasti
421 1247 542 1290 libris
575 1248 618 1288 in
643 1246 769 1288 Asiae
804 1245 907 1287 urbe
941 1245 1101 1297 Scepso
1128 1244 1213 1287 situ
1236 1258 1282 1287 ac
1309 1258 1454 1298 putre-

233 1331 332 1373 dine
351 1338 596 1381 corruptum
613 1357 629 1378 ,
660 1327 715 1367 ita
735 1327 929 1370 Athenas
945 1355 959 1377 ,
986 1325 1081 1367 inde
1104 1325 1281 1366 Romam
1306 1325 1449 1367 venit:

233 1408 381 1459 ibique
414 1403 593 1458 primurn
627 1402 784 1444 editum
816 1410 879 1442 est
914 1412 965 1442 ex
997 1400 1141 1442 laceris
1179 1399 1274 1441 istis
1300 1413 1345 1442 ac
1381 1401 1453 1442 de-

235 1482 348 1526 rosis
386 1479 697 1522 voluminibus.
765 1476 972 1528 Equidem
1007 1475 1051 1516 in
1086 1474 1456 1528 hypomnematico

237 1570 385 1615 genere
430 1566 603 1609 quoque
644 1565 833 1595 censeam
872 1552 1092 1603 libellum,
1137 1551 1211 1603 qui
1247 1551 1459 1604 hodieque

237 1646 404 1688 exstat,
449 1633 499 1676 cle
534 1632 738 1683 poetica,
788 1630 1033 1671 inchoatum
1064 1629 1181 1669 illum
1208 1629 1258 1669 ad
1289 1630 1459 1671 modurn

238 1710 557 1761 commentarii,
589 1717 734 1761 postea
762 1706 901 1747 tribus
931 1704 1052 1745 libris
1089 1705 1174 1758 περὶ
1208 1710 1375 1755 ποιητῶν
1407 1706 1462 1746 ab

240 1793 474 1838 Aristotele
510 1789 804 1840 conscriptum
839 1795 879 1827 et
907 1786 1061 1827 editum
1079 1816 1094 1837 ‚
1126 1798 1240 1827 nunc
1264 1788 1457 1839 perditis,

241 1871 323 1914 Sed
370 1869 420 1910 de
466 1867 547 1910 ista
591 1864 826 1906 calamitate
864 1863 1068 1903 librorum
1123 1861 1368 1904 Aristotelis
1412 1877 1461 1907 ac

243 1939 563 1996 Theophrasti,
593 1940 804 1981 luculenta
830 1947 997 1979 exstant
1022 1937 1260 1980 testimonia
1287 1939 1462 1983 Strabo.

244 2023 316 2066 nis
347 2018 478 2070 XIV,
510 2030 554 2070 p.
582 2019 694 2069 906,
724 2024 765 2057 et
795 2013 1011 2056 Plutarchi
1035 2013 1078 2055 in
1101 2013 1245 2066 Sulla,
1276 2028 1321 2068 p.
1345 2017 1462 2070 468,

246 2100 310 2141 B:
345 2108 419 2138 nec
455 2095 575 2147 plura
608 2092 742 2133 dicere
771 2091 936 2133 attinet.
995 2091 1106 2132 Illud
1133 2103 1219 2133 non
1253 2102 1316 2134 est
1346 2107 1464 2146 prae-

246 2173 491 2219 tereundum
513 2201 527 2221 ,
559 2169 692 2211 libros
717 2169 1017 2210 Aristotelicos
1043 2181 1088 2209 ac
1116 2167 1463 2222 Theophrasteos

247 2263 322 2305 per
359 2248 470 2289 illam
509 2245 671 2286 Rornae
705 2243 855 2286 factam
891 2244 1114 2285 editionem
1145 2245 1227 2297 jam
1266 2245 1468 2289 Ciceroni

247 2327 425 2382 ejusque
453 2321 700 2374 aequalibus
725 2321 990 2362 innotuisse:
1026 2332 1072 2361 ac
1099 2320 1244 2363 deinde
1264 2320 1465 2374 frequen·

249 2410 363 2443 tatos
395 2397 560 2447 fuisse,
590 2396 825 2438 exotericos
863 2395 1029 2448 quidem
1070 2409 1202 2448 usque
1232 2398 1281 2438 ad
1306 2399 1465 2441 exstin-

252 2487 321 2520 cta
360 2472 509 2516 veteris
556 2472 855 2524 philosophiae
899 2472 1038 2513 studia
1078 2473 1204 2525 J'ussu
1238 2472 1467 2524 justiniani

248 2551 450 2598 Caesaris
466 2580 481 2604 ,
505 2561 552 2592 ae
579 2547 803 2601 deinceps:
832 2548 1134 2590 acroamaticos
1159 2547 1277 2590 etiam
1303 2547 1466 2590 diutius

1397 2635 1474 2681 per
