1693 3110
89 337 93 372 l
137 335 224 369 sect.
244 335 302 369 VJ·

137 376 306 411 Aristote-

134 420 206 452 lici.

136 463 253 495 strato·

105 1639 316 1676 net-aclides,

328 211 408 254 612
623 202 1228 250 DISPUTATIO

326 332 577 375 Plutarchus
621 330 721 382 ine,
756 340 804 373 ut
835 329 1042 383 habetur,
1070 331 1265 385 Scriptor
1287 330 1337 373 de
1366 330 1543 374 Placitis·

329 406 494 449 Philos.
520 405 599 448 IV.
624 416 673 458 5:
729 435 757 458 ,‚
784 420 875 448 eum
903 406 1085 449 Animae
1106 405 1362 448 domicilium
1383 407 1543 462 posuis«

328 497 368 526 se
400 485 440 527 ἐν
471 485 710 538 μεσοφρύῳ,
740 482 791 524 id
814 491 900 534 est,
940 484 994 526 eci
1023 484 1176 539 capitis
1202 490 1333 538 parte
1368 483 1544 524 interio-

329 573 406 611 re,
449 572 557 614 quae
596 559 833 614 superciliis
874 558 1103 606 interjecta
1141 556 1250 601 est.''
1317 561 1458 609 Atque
1496 564 1546 596 ex

328 632 398 674 his
423 633 621 676 omnibus
649 633 753 675 mihi
782 632 998 686 probabile
1022 632 1217 684 videtur,
1247 631 1544 674 Immortalita-

329 720 412 753 tem
444 711 694 753 Animorum
724 723 746 752 a
776 709 972 752 Stratone
1000 720 1186 764 negatam
1217 708 1367 752 fuisse.

385 785 503 836 Iam,
547 784 620 837 qui
666 785 862 838 deinceps
906 785 951 826 in
985 785 1060 826 hac
1100 784 1233 838 Lycei
1273 784 1546 826 successione

331 860 594 913 floruerunt,
637 859 821 912 Lycon,
857 859 1069 911 Ariston,
1100 860 1344 914 Critolaus,
1376 860 1544 902 Diodo-

329 949 431 988 rus,
461 936 640 990 propius
676 935 813 977 denuo
838 935 888 976 ad
911 934 1157 976 Aristotelis
1181 947 1227 977 ac
1253 935 1548 988 Theophrasti

331 1012 565 1055 doctrinam
592 1019 885 1063 accesserunt3
915 1021 962 1053 ut
980 1040 994 1062 ,
1021 1011 1161 1063 quoad
1182 1011 1348 1063 quidem
1375 1011 1418 1052 in
1450 1019 1546 1052 tan-

335 1091 381 1130 ta
420 1088 619 1129 Veterum
663 1095 1031 1129 monumentorum
1065 1087 1229 1140 jactura
1262 1084 1470 1139 conjicere
1498 1083 1551 1125 li-

333 1173 429 1216 cet,
460 1175 548 1206 non
581 1161 802 1205 videantur
833 1162 876 1203 in
907 1161 1100 1204 doctrine
1134 1162 1254 1203 etiam
1301 1161 1351 1202 de
1376 1160 1554 1203 Animo-

334 1251 427 1281 rum
459 1237 775 1280 Immortalitate
809 1238 1075 1290 discrepasse
1116 1238 1166 1278 ab
1191 1237 1440 1279 auctoribus
1464 1236 1544 1276 hu-

332 1316 405 1370 jus
437 1315 622 1356 scholae.

392 1391 580 1431 Fuerunt
604 1399 765 1441 praeter
786 1389 867 1430 hos
889 1388 988 1440 alii,
1017 1400 1104 1429 non
1131 1388 1295 1440 quidem
1332 1388 1376 1430 in
1401 1387 1554 1441 Lyceo

337 1477 634 1515 successores,
665 1465 739 1505 sed
772 1473 907 1505 tamen
937 1463 1229 1505 Aristotelicae
1248 1463 1551 1517 Philosophiae

337 1540 557 1594 magistri,
581 1539 761 1580 celebres
785 1536 941 1593 ingenii
958 1538 1258 1590 doctrinaeque
1277 1539 1410 1581 laude.
1466 1539 1557 1580 Pri·

340 1631 434 1660 mus
460 1626 524 1660 cst
561 1628 632 1658 HE
651 1626 760 1657 RAe
776 1626 803 1656 r,
822 1627 837 1656 Ξ
853 1627 884 1656 D
899 1626 927 1655 E
946 1626 966 1655 s
982 1643 999 1665 ,
1019 1612 1252 1666 Ponticus,
1280 1614 1433 1655 doctus
1457 1627 1558 1667 pro·

338 1695 453 1738 fecto
493 1693 590 1744 vir,
620 1691 814 1734 sedidem
837 1690 955 1732 valde
983 1688 1335 1741 superstitiosus,
1371 1690 1443 1741 qui
1466 1689 1553 1742 pri-

339 1783 453 1814 mum
490 1769 703 1811 Platonem
721 1797 737 1818 ,
767 1776 915 1819 postea
939 1764 1210 1807 Aristotelem
1237 1765 1417 1808 audivit.
1478 1764 1557 1805 Vi·-

338 1857 421 1889 tam
461 1846 576 1900 ejus,
608 1855 722 1886 more
757 1855 864 1893 suo,
894 1840 1081 1894 prodidit
1117 1840 1329 1893 Diogenes
1354 1840 1553 1881 Laertius

338 1923 399 1963 V.
426 1921 507 1973 86,
532 1928 571 1961 et
597 1918 898 1970 sequentibus:
925 1917 1001 1970 qui
1025 1929 1116 1958 eum
1140 1915 1431 1969 Pythagoricis
1447 1927 1558 1966 quo-

342 2011 425 2050 que
447 2007 612 2050 operam
637 1993 802 2035 dedisse
824 1992 1032 2046 perhibet.
1093 1992 1237 2045 Hujus
1259 2002 1429 2043 quoque
1453 1991 1561 2031 scri-

340 2084 414 2127 pta
431 2103 445 2122 ,
479 2082 583 2123 quae
608 2071 737 2111 multa
762 2067 961 2119 fuerunt,
993 2067 1131 2108 omnia
1154 2067 1382 2119 perierunt.
1442 2066 1553 2108 Nam

340 2144 511 2189 libellus
537 2147 587 2187 de
607 2142 835 2197 Allegoriis
860 2142 1031 2184 Homeri
1047 2172 1062 2194 ,
1094 2141 1166 2194 qui
1193 2141 1425 2182 Heraclidis
1447 2143 1559 2183 Pou-

343 2225 417 2266 tici
441 2222 610 2265 nomine
633 2219 795 2270 fertur,
826 2219 953 2260 aliurn
982 2217 1104 2260 habet
1125 2226 1357 2258 auctorem.
1402 2217 1549 2259 Enim-

346 2312 476 2350 vero,
510 2309 640 2350 quum
680 2304 860 2348 reputo,
892 2305 985 2335 eum
1015 2301 1054 2333 et
1084 2291 1372 2344 Pythagoreos
1398 2303 1436 2332 et
1462 2292 1557 2334 Pla-

346 2386 489 2418 ⁷tonem
522 2372 733 2414 audivisse
756 2401 773 2422 ,
819 2370 927 2410 haud
960 2366 1143 2410 dubitem
1170 2398 1185 2418 ‚
1231 2367 1333 2418 quin
1384 2353 1557 2410 uberius

348 2451 469 2494 etiam
503 2459 628 2500 quam
666 2446 916 2488 Aristoteles
951 2444 1001 2485 de
1034 2441 1280 2483 Animorum
1309 2442 1558 2485 Immortali-

347 2535 434 2570 tate
467 2521 713 2580 prodiderit.
794 2518 974 2574 Scripsit
1003 2517 1089 2560 duo
1125 2530 1247 2571 opera
1277 2517 1327 2559 de
1363 2518 1556 2570 Animd,

1513 2603 1561 2635 ιις
