1693 3110
262 217 345 260 332
541 201 1190 251 PARENTALIA.

261 326 395 379 prima
411 324 718 369 Grammaticae
741 325 962 378 elementa,
987 327 1290 373 declinationes
1308 340 1347 374 et
1369 345 1469 376 con·

254 403 496 457 jugationes
523 401 756 453 inculcare,
793 401 900 447 infra
927 415 1024 445 sane
1058 404 1195 457 ipsius
1223 407 1468 459 dignitatem

256 491 304 518 ac
327 477 585 530 doctrinam,
615 477 875 530 vespertinae
902 488 1037 521 tamen
1060 481 1096 520 ei
1116 481 1377 523 remanebant
1400 495 1472 524 va.

255 565 384 604 cuae,
427 564 534 604 quas
569 552 741 599 lectioni
777 564 962 596 veterum
1007 555 1270 608 Scriptorum
1310 556 1470 599 tribue-

255 628 347 673 bat.
407 628 672 684 Quamquam
699 638 738 670 et
760 630 867 672 hanc
897 631 933 671 ei
955 629 1168 674 felicitatis
1192 642 1347 686 partem
1373 646 1475 677 mox

257 703 410 746 ademit
433 704 742 746 matrimonium
761 735 776 757 ,
802 706 845 747 in
870 707 984 758 quod
1004 707 1183 760 incidit,
1206 709 1438 750 indotatum
1454 739 1471 762 ,

260 793 301 829 et
338 785 486 829 multis
530 784 672 826 liberis
710 784 994 827 foecundum:
1039 785 1198 838 quibus
1235 795 1476 828 sustentan-

260 862 358 915 dis,
391 861 514 903 etiam
541 873 694 903 vacuas
731 860 857 903 horas
884 861 1062 913 privatis
1089 861 1250 904 scholis
1274 861 1475 904 habendis

256 949 507 981 consumere
539 937 702 980 debuit.
773 937 843 979 Sic
886 936 928 978 in
965 936 1125 979 scholis
1161 939 1367 989 continuo
1400 938 1476 979 do-

261 1014 384 1056 cendi
417 1013 560 1057 labore
590 1012 821 1067 fatigatus,
850 1013 963 1055 domi
998 1014 1022 1055 a
1052 1013 1194 1061 liberis
1229 1015 1347 1055 turba
1370 1023 1474 1056 stre-

258 1090 439 1148 pituque
464 1097 694 1142 exceptus,
725 1101 861 1140 neque
884 1089 1196 1143 requiescendi,
1226 1089 1376 1130 nedum
1398 1090 1475 1131 ali-2

260 1166 367 1218 quid
390 1178 470 1208 suo
497 1165 580 1207 sibi
611 1166 755 1208 studio
783 1165 971 1219 legendi,
1004 1176 1170 1218 tempus
1198 1167 1393 1208 locumve
1413 1177 1477 1207 re·

260 1242 464 1294 periebat.
536 1242 737 1284 Attamen
775 1242 881 1283 hanc
917 1251 1072 1283 sortem
1108 1240 1314 1293 patienter
1345 1240 1475 1292 tulit,

261 1316 473 1357 meliorem
495 1316 530 1357 ei
554 1316 669 1357 brevi
691 1328 985 1358 successuram
1011 1328 1197 1368 sperans,
1231 1315 1358 1370 Quod
1373 1316 1474 1356 dum

256 1392 484 1443 sperabat,
517 1401 556 1432 et
579 1404 688 1445 nos,
720 1404 771 1436 ne
793 1390 949 1438 frustra
976 1400 1188 1445 speraret,
1218 1403 1382 1444 operam
1404 1390 1474 1432 da-

257 1468 438 1519 bamus,
482 1469 637 1513 liberos
676 1469 764 1522 ejus
802 1469 1029 1522 erysipelas
1080 1470 1253 1511 morbus
1289 1469 1472 1511 invasit:

263 1544 421 1597 quibus
449 1556 569 1596 opem
601 1554 774 1597 paterno
802 1554 841 1585 et
877 1543 1013 1585 effuso
1039 1544 1178 1586 animo
1204 1543 1475 1597 ministrans,¹

259 1619 352 1672 ipse
376 1620 519 1661 eodem
547 1621 695 1662 morbo
726 1620 959 1673 implicitus
986 1629 1027 1661 et
1057 1631 1151 1660 cum
1178 1618 1347 1660 duobus
1376 1620 1398 1659 e
1425 1620 1477 1659 li·

258 1679 372 1737 'beris
399 1696 620 1738 absumtus
648 1706 728 1737 est.
791 1695 1015 1737 Caeterum
1047 1694 1090 1744 in
1121 1693 1191 1734 illa
1223 1691 1477 1746 conJugialis

259 1753 457 1812 ¹aerumna
482 1771 620 1821 vitae,
654 1782 783 1822 quum
815 1770 857 1811 in
891 1768 1048 1817 Literis
1083 1779 1227 1819 parum
1265 1766 1476 1809 addiscere

261 1858 437 1908 posset,
468 1850 581 1890 cavit
611 1859 749 1890 tamen
785 1861 835 1892 ne
874 1847 977 1899 quid
1009 1847 1266 1889 dedisceret:
1296 1853 1479 1900 semper-

263 1907 345 1978 oue
380 1927 496 1966 illum
529 1926 730 1967 scientiae
755 1928 924 1969 modurn
959 1925 1176 1977 obtinuit,
1209 1938 1329 1978 quem
1359 1934 1478 1968 antea

265 2003 498 2055 habuerat,
534 2014 746 2054 quemque
780 2014 908 2055 supra
948 2001 1276 2052 declaravimus,
1307 2010 1347 2042 et
1369 2002 1476 2043 duo-

262 2078 344 2119 bus
368 2080 451 2119 illis
479 2079 521 2120 in
544 2076 662 2118 libris
690 2077 1057 2130 significavimus:
1090 2088 1268 2128 quorum
1294 2076 1337 2117 in
1360 2076 1475 2128 prio·

266 2167 308 2199 re
337 2155 479 2196 testati
503 2166 682 2205 suinuS,
714 2166 805 2197 eum
843 2153 1048 2206 praeclara
1072 2151 1309 2192 studiorum
1339 2159 1379 2191 et
1404 2163 1479 2192 va-

263 2232 349 2274 riae
373 2231 499 2274 simul
524 2241 823 2283 accurataeque
844 2229 1057 2272 doctrinae
1082 2229 1201 2269 laude
1226 2227 1440 2269 florentem
1459 2257 1475 2278 ,

262 2320 357 2350 cum
390 2307 569 2351 Malinio
607 2306 651 2348 in
686 2319 735 2348 eo
771 2305 1079 2359 discipulorum
1120 2315 1306 2346 meorum
1340 2303 1428 2356 pari
1452 2303 1477 2344 a

260 2377 519 2427 Ruhnkcnio
546 2392 806 2423 numeratum
832 2393 954 2432 esse,
973 2392 1024 2421 ex
1049 2392 1134 2432 quo
1156 2378 1223 2420 hic
1250 2378 1332 2420 sibi
1356 2379 1478 2420 alter-

268 2471 410 2508 utrum
446 2460 647 2511 collegam
682 2459 900 2513 obtingere
935 2467 1126 2509 optaret:
1162 2456 1205 2498 in
1240 2455 1369 2496 altero
1403 2465 1478 2496 au·

264 2544 347 2585 tem
383 2534 489 2576 libro
523 2545 688 2577 acutam
720 2537 809 2591 ejus
846 2532 1198 2590 verisimilemque
1221 2530 1480 2584 Xenophono·

1376 2615 1479 2653 team
