1693 3110
457 158 566 204 AD
634 159 1164 210 HeusotuM.
1360 172 1418 226 29·

190 289 289 329 ,tem
320 281 603 337 significavit3
635 292 675 325 et
697 283 803 325 hanc
829 296 1003 338 quoque
1026 296 1108 329 tam
1133 287 1337 342 breviter,
1369 299 1419 334 ut

202 360 309 401 alter
337 360 454 401 alteri
487 361 608 401 locus
644 370 873 412 repugnare
898 361 1102 405 videatur.
1162 362 1243 404 Sed
1271 376 1419 416 operae

197 437 381 490 pretium
404 445 495 488 est,
527 436 644 488 ipsos
669 446 879 488 apponere
903 436 1051 489 locos,
1082 438 1119 481 si
1142 437 1252 481 forre
1272 452 1419 482 eorum

198 512 472 555 contentione
492 510 654 563 aliquid
674 510 773 551 huic
795 522 1040 563 argumento
1059 513 1167 555 lucis
1182 514 1413 559 eliciamus·

193 587 331 640 Igitur
352 587 395 628 in
419 585 633 639 Epistolis
662 587 729 628 Ad
752 586 850 629 Div.
875 588 921 639 I,
940 600 965 639 9
984 618 998 639 ,
1014 590 1056 641 S.
1084 588 1164 641 67,
1187 591 1338 633 scribit
1362 593 1413 635 ad

193 661 450 706 Lentulum:
485 663 652 718 Scripsi
669 666 812 720 igitur
842 665 1090 707 Aristoteles>
1111 681 1252 718 more,
1274 684 1413 724 quem-

191 737 415 782 admodum
452 738 616 794 quidem
652 738 794 791 volui,
825 747 914 780 tres
936 739 1065 782 libros
1086 744 1134 782 in
1157 742 1415 798 disputatio·

188 827 242 854 m
267 828 318 855 ac
341 813 509 869 dialogo
531 814 600 855 De
627 814 842 858 Oratore:
871 830 970 873 quos
1003 818 1200 860 arbitror
1225 821 1413 864 Lentulo

186 898 259 932 tuo
283 891 386 944 fore
407 904 488 932 non
512 892 687 933 inutiles
700 908 718 945 ‚·
749 891 981 934 abhorrent
1003 896 1108 936 enim
1133 909 1162 936 a
1183 899 1412 939 commum·-

185 963 262 1004 hus
289 967 530 1022 praeceptis
552 996 568 1018 ,
613 974 652 1006 et
692 966 795 1019 (ita
828 976 937 1008 recte
970 969 1180 1011 Ernestus
1216 973 1415 1024 reposuit:

183 1053 266 1094 pro
295 1043 470 1096 vulgato
505 1043 594 1096 ac)
628 1056 783 1085 omnem
816 1048 1121 1101 antiquorum,
1163 1056 1203 1088 et
1236 1048 1408 1091 Aristo-

184 1120 336 1161 tcleam
361 1129 402 1160 et
427 1119 686 1162 Isocratem
711 1124 920 1163 rationem
959 1125 1197 1165 oratoriam
1231 1127 1406 1181 complo-

181 1203 377 1238 αππιαν.
451 1196 544 1237 Hoc
581 1196 677 1238 loco
715 1196 775 1237 nil
810 1206 983 1248 apparet
1016 1198 1243 1241 dilucidius
1275 1213 1408 1254 posse

177 1271 291 1314 dici:
324 1273 625 1315 Aristotelem
661 1282 702 1313 et
734 1272 994 1315 [soca—atem
1027 1278 1237 1317 rationem
1262 1287 1404 1319 orato-

179 1351 295 1390 riam
324 1349 426 1392 dicit
455 1349 546 1402 ipsa
571 1349 839 1403 eloquentiae
863 1360 1083 1404 praecepta
1118 1364 1169 1394 ex
1198 1352 1265 1394 his
1299 1355 1401 1396 dua-

177 1423 260 1465 bus
306 1424 572 1478 principibus
620 1425 780 1468 scholis
826 1435 990 1468 sumta:
1042 1440 1218 1480 quarum
1256 1431 1398 1473 laudes

174 1501 386 1556 praedicat
424 1502 515 1554 ipse
548 1503 611 1543 De
646 1503 899 1545 Inventione
934 1502 1007 1554 Il,
1036 1515 1076 1544 2.
1142 1505 1395 1546 Aristotelea

172 1595 290 1623 more
316 1583 362 1622 in
381 1580 664 1636 disputatione
701 1594 752 1620 ac
789 1579 985 1634 dialogo,
1014 1579 1226 1635 significat
1257 1580 1394 1634 ipsam

172 1656 404 1699 disserendi
430 1668 476 1697 ac
510 1655 666 1708 dialogi
693 1655 894 1698 formam:
931 1657 1058 1711 cujus
1092 1657 1251 1700 formae
1282 1669 1393 1701 certe

173 1743 219 1772 ca
255 1742 349 1782 pars
390 1728 590 1772 Ciceroni
627 1742 725 1770 cum
763 1730 993 1773 Aristotele
1030 1734 1268 1775 communis
1291 1744 1390 1788 est,

172 1805 290 1858 quod
316 1807 500 1857 scriptor
525 1817 611 1847 non
636 1817 685 1846 ex
720 1817 795 1847 sua
832 1804 925 1859 ipse
957 1818 1133 1859 persona
1167 1806 1390 1860 loquitu-r,

170 1882 246 1923 sed
262 1879 369 1922 alios
395 1881 617 1932 loquentes
640 1880 828 1924 inducit:
862 1882 995 1924 veluti
1025 1879 1176 1925 Cicero
1202 1884 1246 1926 in
1267 1884 1387 1928 libris

166 1956 233 1999 De
254 1955 431 1997 Oratore
453 1954 686 2007 Crassum,
714 1956 987 2008 Antonium,
1019 1958 1247 2010 Catulum,
1279 1959 1397 2002 Cae--

166 2044 328 2084 sarem,
361 2032 615 2075 disserentes
652 2030 784 2074 facit:
820 2042 948 2084 atque
982 2033 1081 2074 item
1114 2035 1386 2094 Aristotelem

165 2109 410 2160 factitasse,
430 2121 479 2150 ex
499 2110 585 2151 illis
605 2109 823 2152 Ammonii
843 2109 982 2152 verbis
1005 2111 1151 2165 colligi
1169 2113 1311 2154 debet:
1327 2134 1384 2145 —-

163 2188 378 2239 stamma
410 2189 479 2239 δὲ,
517 2188 591 2232 ὅσα
628 2190 685 2241 μὴ
720 2190 764 2241 ἐξ
795 2189 934 2232 οἶκείου
965 2189 1165 2242 προσώπω
1189 2190 1386 2242 συνέγρα-

165 2270 268 2319 φεν,
299 2266 425 2317 ἀλλ’,
465 2266 594 2322 ὥσπερ
626 2269 645 2312 ὅ
673 2269 880 2320 Πλάτων,
918 2268 1210 2322 ὑποκρινόμενος
1245 2269 1383 2321 ἑτέραν

142 2387 145 2389 .
165 2344 379 2396 πρόσωπα.
403 2365 455 2375 -
479 2343 588 2386 Nam
615 2353 655 2385 et
678 2344 796 2386 Plato
811 2356 1021 2397 nusquam
1044 2344 1086 2385 in
1109 2345 1199 2386 suis
1225 2343 1383 2397 ipseli-

167 2416 256 2460 bris
267 2430 347 2460 suo
360 2419 529 2461 nomine
542 2421 750 2474 loquitur.
782 2421 928 2462 Altero
942 2421 1302 2464 lococontrarium
1319 2423 1380 2463 vi-

167 2491 288 2536 detur
310 2505 490 2537 asserere
526 2495 707 2551 Cicero,
737 2497 873 2540 Attic.
900 2497 1034 2551 XIII,
1067 2509 1148 2556 19,
1182 2499 1303 2550 quasi
1328 2498 1379 2538 li-

1278 2574 1377 2618 bros
