1693 3110
235 172 318 227 408
524 170 1133 215 DtsPUTA'rio

248 303 344 346 tur,
378 294 434 336 ita
465 293 516 335 de
548 304 597 335 eo
629 293 849 345 loquitur,
882 301 929 334 ut
950 305 1043 336 eum
1069 306 1147 347 pro
1173 307 1258 338 uno
1282 306 1322 341 et
1344 312 1459 344 sumn

244 382 315 412 mo
343 371 462 420 Deo,
496 368 571 419 qui
608 369 784 411 nomine
821 378 982 411 tantum
1015 383 1037 412 a
1068 371 1175 424 Jove
1205 373 1463 430 reliquisque

244 445 510 487 Numinibus
542 444 707 486 differat
727 475 743 497 ,
774 445 925 487 habere
955 446 1169 489 videatul:
1201 461 1384 501 cumque
1412 452 1465 493 de

244 522 405 563 unitate
435 521 525 575 ejus
552 530 724 562 naturae
747 521 951 573 disserat,
984 530 1097 574 patet
1125 535 1210 564 eam
1236 524 1368 577 ipsam
1393 537 1464 566 su-

241 604 521 648 perstructam
549 605 642 635 esse
677 594 828 637 unitati
866 596 1130 650 individuae,
1162 611 1238 641 seu
1270 601 1464 654 numeri,

242 681 291 712 ut
314 683 410 712 cum
440 672 558 713 Deus
586 671 726 713 omnia
763 684 870 722 quae
905 671 947 714 in
977 685 1068 728 ejus
1102 682 1286 715 naturam
1317 675 1463 716 cadere

240 756 458 801 possunt,
488 747 620 787 simui
659 756 698 787 et
732 759 899 799 semper
928 749 1265 800 complectatur,
1295 749 1489 800 sibique-

243 834 407 875 semper
439 835 549 864 unus
582 831 624 864 et
658 823 767 864 idem
803 823 891 877 sit,
923 822 1046 865 etiam
1081 824 1370 878 significetur,
1402 834 1465 866 ta·

241 900 322 940 lem
359 908 546 940 naturam
584 910 630 940 ac
666 898 754 940 vim
794 910 882 940 non
915 898 959 939 in
999 899 1193 951 pluribus
1230 898 1470 954 subjectis,

238 976 314 1018 sed
343 975 386 1016 in
417 987 503 1016 uno
536 983 698 1016 tantum
718 1004 734 1026 ,
780 975 934 1018 inesse.
997 974 1179 1032 Imque,
1221 976 1308 1027 ait,
1337 974 1388 1017 de
1418 988 1464 1016 eo

240 1052 355 1108 quod
385 1061 473 1103 est,
515 1064 597 1092 non
642 1053 744 1092 licet
777 1050 948 1103 dicere,
979 1050 1120 1104 fuisse
1152 1052 1203 1093 id
1232 1061 1311 1093 aut
1337 1052 1469 1105 fore:-

242 1142 354 1185 quae
375 1129 505 1172 verba
529 1128 855 1171 inclinationem
881 1128 1129 1185 significant
1160 1140 1287 1185 atquc
1316 1128 1474 1172 disces-A

244 1218 333 1251 sum
367 1219 418 1247 ac
452 1207 757 1258 mutationem,
789 1220 897 1262 quae
935 1206 1070 1249 locum
1103 1208 1151 1248 in
1188 1205 1271 1248 EO
1291 1205 1471 1260 QUOD

246 1284 362 1326 ‚EST
396 1298 477 1325 non
512 1283 680 1326 habent.
755 1285 839 1325 Sed
868 1285 935 1327 ita
973 1294 1032 1327 est
1064 1284 1312 1326 dicendum:
1351 1285 1469 1324 Deus

246 1370 305 1403 est
322 1392 335 1412 ,
368 1374 496 1416 neque
520 1374 618 1402 vero
640 1369 699 1401 est
725 1362 772 1400 in
807 1369 1021 1413 tempore,
1053 1360 1131 1401 sed>
1157 1362 1204 1400 in
1233 1361 1472 1400 aeternita-

247 1446 290 1480 te
302 1436 504 1479 immobili
529 1445 568 1476 et
595 1445 769 1491 experte
794 1437 1042 1478 mutationis
1065 1449 1116 1477 ac
1139 1438 1361 1492 temporis,
1382 1449 1468 1491 qua

247 1514 362 1556 nihil
389 1522 449 1554 est
480 1526 612 1567 neque
647 1515 802 1569 prius,
833 1525 964 1567 mque
981 1514 1218 1566 posterius,
1250 1525 1379 1568 neque
1402 1525 1471 1552 req

246 1592 426 1632 centius.
486 1589 571 1631 Sed
596 1601 702 1630 unus
735 1603 828 1630 cum
862 1591 918 1629 sit
953 1587 1100 1639 Deus,
1145 1601 1225 1628 uno
1249 1588 1470 1642 praesenti

250 1667 495 1711 durationis
523 1675 726 1708 momento
770 1667 860 1720 (ἑνὶ
889 1667 944 1720 τῷ
971 1666 1072 1718 νῦν)
1115 1672 1247 1707 totam
1284 1665 1471 1705 aeterni-

249 1753 382 1787 tatem
399 1744 577 1800 complet
593 1758 608 1786 .·
640 1753 680 1785 et
708 1743 841 1786 solum
868 1743 1008 1794 illud,
1039 1742 1150 1798 quod
1169 1744 1216 1783 in
1240 1742 1477 1783 aeternita-

249 1831 291 1864 te
314 1832 401 1875 est,
427 1836 580 1865 revera
602 1831 690 1873 est,
717 1835 797 1862 non
823 1819 987 1867 factum
1005 1850 1018 1871 ,
1043 1832 1124 1860 non
1134 1818 1366 1871 futurum,
1393 1831 1476 1859 uon

246 1900 564 1954 praeteritum,
599 1910 728 1952 neque
751 1910 915 1947 orsum,
940 1908 1071 1951 neque
1094 1893 1343 1935 desiturum.
1403 1893 1475 1933 Sic

249 1977 390 2029 igitur
402 1973 519 2015 Deus
543 1988 570 2014 a
592 1974 811 2014 nobiscum
827 1974 1096 2016 veneratione
1119 1968 1367 2010 salutandus
1382 1975 1470 2009 est:

254 2047 334 2090 ES
362 2047 541 2090 UNUS.
600 2047 702 2089 Non
734 2051 845 2088 enim
878 2043 1192 2088 multitudinem
1219 2046 1335 2099 capit
1363 2043 1474 2086 divi-

251 2139 311 2167 na
335 2134 499 2166 natura
531 2125 552 2176 (
567 2127 608 2169 οὗ
630 2129 709 2179 γὰρ
731 2126 867 2169 πολλοὶ
889 2124 933 2167 τὸ
956 2122 1049 2166 θεῖόν
1071 2123 1177 2164 ἔστιν
1194 2120 1215 2173 )
1230 2149 1245 2170 ‚
1276 2129 1324 2161 ut
1347 2134 1472 2162 unus-

252 2201 428 2256 quisque
464 2208 653 2243 nostrum
671 2231 685 2252 ,
716 2202 793 2257 qui
816 2208 1051 2242 constamus
1080 2198 1273 2250 congerie
1302 2198 1473 2247 mixta,

253 2286 294 2318 et
322 2274 503 2326 infinitis
536 2277 913 2333 diversissimisque
938 2272 1254 2328 affectionibus,
1296 2280 1346 2312 ut
1379 2282 1477 2310 con-

245 2350 418 2405 flantur
442 2362 663 2395 conventus
686 2368 738 2395 ex
768 2356 908 2398 variis
945 2349 1192 2392 hominibus.
1255 2347 1338 2389 Sed
1364 2344 1482 2388 illud

255 2427 367 2485 quod
386 2438 474 2483 est,
509 2444 638 2473 unum
665 2440 758 2485 cst,·
791 2440 831 2474 et
864 2444 992 2477 unum
1016 2435 1075 2470 est
1102 2424 1241 2479 illuct,
1275 2423 1387 2488 quod
1414 2435 1480 2466 νε-

1432 2511 1484 2544 2'0
