1693 3110
481 142 592 187 An
667 137 1195 186 HEUSDIUM.
1405 147 1450 200 ‘r-

235 266 354 312 tione
383 276 679 312 coercuerunt.
752 264 848 316 Ego
881 263 952 306 vix
987 265 1085 306 dum
1123 264 1448 308 adolescentiam

237 346 457 399 ingressus
481 358 586 388 eram
605 375 620 396 ‚
653 354 782 396 quum
806 341 1009 385 mirificus
1024 354 1089 384 me
1108 353 1272 395 caperet
1292 352 1332 383 et
1351 356 1454 395 qua.-

242 425 279 467 si
304 427 496 478 δαιμόνιος
521 434 636 464 amor
662 417 879 462 Platonis:
912 418 982 458 cui
1006 419 1180 471 legendo
1207 430 1340 471 quum
1364 429 1454 459 om·

236 513 291 543 ne
316 513 449 542 meum
475 509 641 550 tempus
665 495 940 547 impenderem
957 523 970 545 ,
1004 504 1095 534 tum
1125 494 1169 535 in
1195 495 1338 548 primis
1366 493 1454 538 otia.

232 578 449 630 captabam
468 607 483 627 ,
515 574 674 627 quibus
697 585 769 625 per
796 571 893 614 anni
922 579 1211 623 tempestatem
1245 572 1288 612 in
1314 573 1457 626 sylvas

235 662 487 703 montesque
509 661 762 692 excurrerem
783 678 797 698 ‚
816 657 855 689 et
879 661 990 687 mma
1011 646 1148 690 via-idi
1172 648 1359 689 membra
1383 649 1458 690 sub

235 727 390 770 arbuto
411 735 576 769 stratus
591 756 604 777 ,
637 739 745 766 mmc
767 723 829 766 acl
848 737 986 780 aquae
1011 724 1102 765 lene
1126 732 1256 779 caput
1277 738 1456 778 sacrae,

234 814 465 856 promerem
480 832 494 853 ‚
526 813 612 843 non
641 809 687 841 ut
711 800 782 841 ille
803 801 954 843 veteris
970 799 1126 855 pocula
1144 798 1355 851 Massici,
1387 801 1461 842 sed

232 877 389 920 librum
407 877 621 930 Platonis,
640 877 681 919 in
707 878 796 932 ejus
824 889 888 917 me
909 876 1133 918 lectionem
1147 877 1397 930 conjicerem
1411 889 1458 918 ac

241 953 413 1006 penitus
435 953 706 995 demitterem.
741 951 803 993 lbi
816 961 905 992 tum
921 950 1009 992 fieri
1023 950 1184 993 solebat
1199 983 1213 1004 ,
1230 962 1277 994 ut
1290 983 1304 1004 a
1320 966 1465 1004 querno

236 1029 461 1071 admodum
486 1030 578 1081 ipse
608 1029 651 1069 in
677 1028 764 1070 alto
800 1028 1000 1080 editoque
1027 1026 1198 1080 positus
1222 1030 1264 1070 in
1283 1030 1465 1071 circum-

236 1105 416 1160 J‘acentia
441 1104 547 1146 infra
572 1116 635 1146 me
654 1105 745 1146 loca
764 1105 896 1146 veluti
910 1117 1039 1157 parva
1052 1114 1092 1145 et
1106 1104 1279 1147 humilia
1292 1107 1465 1160 prospi-

234 1179 420 1230 ciebam,
462 1180 522 1220 sic
547 1178 732 1220 Platonis
760 1180 882 1233 genio
915 1181 1104 1232 repletus
1129 1181 1279 1234 purior
1305 1183 1460 1225 levior-

235 1266 319 1308 que
341 1254 384 1297 in
412 1257 611 1298 coelestes
638 1256 829 1314 regiones
855 1257 1055 1299 sublimis
1083 1259 1247 1301 evolare
1267 1259 1457 1314 viderer,

298 1380 351 1417 Ut
376 1378 469 1417 miln
485 1382 569 1428 jam
596 1392 771 1417 summam
798 1384 984 1429 sapientia
1006 1383 1193 1432 panderet
1218 1397 1342 1422 arcem
1359 1412 1373 1430 ‚

299 1451 403 1488 Unde
428 1450 611 1489 hominum
637 1465 780 1489 errores
804 1454 908 1501 longe
932 1455 1081 1502 lateque
1103 1464 1172 1503 per
1197 1457 1319 1493 orbem

298 1524 498 1572 Der-picem
515 1552 525 1569 ,
541 1532 655 1572 atque
675 1523 831 1562 humiles
846 1535 982 1574 possem
1007 1533 1236 1564 contemmere
1263 1541 1386 1567 curas.

286 1647 368 1689 Sed
385 1647 468 1689 hoc
492 1647 704 1689 somnium
721 1678 736 1699 ‚
755 1660 876 1700 saepe
899 1649 1000 1692 mihi
1018 1650 1264 1701 inchoatum
1279 1682 1294 1705 ,
1311 1666 1459 1706 quam-

227 1727 297 1770 vis
323 1727 477 1777 breve,
513 1725 674 1778 quippe
697 1738 795 1767 mox
826 1727 1054 1780 abruptum
1078 1731 1275 1783 corporis
1308 1733 1455 1776 admo-

228 1803 416 1854 nitione,
447 1802 632 1844 animum
655 1814 678 1843 e
700 1803 821 1845 coelo
844 1804 887 1845 in
912 1812 1061 1847 terram
1086 1807 1374 1862 detrahentis,
1396 1819 1459 1852 ta-

232 1892 329 1921 men
359 1879 415 1921 ita
451 1878 643 1920 crebrum
682 1878 968 1933 refertumque
1001 1879 1087 1922 fuit
1123 1881 1375 1926 mirabilium
1397 1884 1462 1926 vi-

232 1967 376 2000 sorum
410 1966 701 2008 sensuumque
738 1956 964 2008 varietate,
1000 1969 1106 2010 quae
1142 1959 1274 2001 veluti
1304 1970 1468 2013 myste-

232 2033 322 2085 ria,
354 2044 480 2074 nemo
497 2063 511 2084 ‚
546 2031 743 2084 quamvis
770 2032 962 2077 initiatus
980 2065 994 2086 ,
1027 2035 1220 2080 oratione
1243 2049 1463 2091 enarrare,

221 2121 354 2152 'nemo
377 2109 610 2162 profanus,
637 2109 835 2162 quamvis
864 2122 1079 2164 enarrata,
1106 2112 1336 2167 intelligere
1360 2129 1465 2171 pos-

228 2187 319 2237 sit,
351 2185 546 2228 initiatus
576 2186 626 2228 ab
663 2186 830 2230 initiato
866 2187 1014 2241 paucis
1044 2189 1185 2231 verbis
1219 2191 1463 2235 admonitus

232 2248 439 2301 continuo
465 2261 636 2305 sentiat.
698 2263 834 2316 Igitur
869 2273 908 2304 et
933 2263 1003 2305 Tu
1037 2267 1199 2317 sentis,
1231 2267 1287 2307 mi
1324 2268 1468 2309 Heus-

231 2335 299 2377 de.
358 2335 416 2376 Et
452 2337 557 2379 mihi
592 2341 694 2380 satis
733 2339 815 2392 sit,
861 2339 943 2382 hoe
980 2342 1146 2383 dedisse
1180 2344 1467 2385 recordationi

234 2411 389 2452 somnii
427 2412 539 2455 iilius
571 2426 610 2457 et
646 2416 880 2469 frequentis
919 2429 959 2460 et
995 2418 1163 2462 mirifici
1190 2450 1206 2473 ,
1250 2430 1466 2473 tamquam

233 2487 551 2542 anticipationis
587 2501 627 2534 et
664 2502 817 2548 gustus
842 2507 961 2537 verae
987 2505 1027 2537 et
1051 2509 1073 2539 a
1100 2498 1294 2552 corporis
1315 2499 1465 2541 vincu-

935 2573 979 2616 A
1007 2585 1035 2628 4
1408 2575 1464 2618 lis
