1693 3110
304 199 386 242 132
473 177 936 231 PROLEGOMENA
964 192 1027 222 Ex
1055 178 1349 226 EDITIONE

295 319 384 354 rum
407 339 422 361 ‚
453 306 648 349 arborum
668 334 683 355 ‚
723 302 978 355 aliarumque
1012 309 1149 344 rerum
1183 315 1288 355 quae
1322 315 1371 346 ex
1405 301 1519 346 terr&

299 390 608 439 procrescunt,
633 391 883 432 quamquam
905 378 1185 420 admirabilem
1211 377 1428 431 naturam,
1452 388 1515 421 ta-

295 469 391 501 men
415 465 658 509 corpoream
681 466 774 496 esse
797 454 1124 506 sciamusghaec
1150 452 1281 507 igitur
1301 467 1430 506 quum
1452 456 1510 496 ita

297 535 414 585 sint,
447 531 546 584 quis
571 531 674 571 illud
696 529 821 571 nobis
846 538 1054 582 praestet,
1087 530 1277 571 homines
1302 530 1326 572 a
1356 530 1515 582 plantis

295 609 376 650 alia
413 607 572 649 ratione
605 603 793 656 differre,
830 616 952 658 quam
987 604 1223 645 subtilitate
1254 605 1438 647 fabricae
1473 614 1514 646 et

297 683 461 739 gradu?
492 691 562 724 aut
589 681 685 732 quis
723 680 900 732 denique
923 680 1171 721 contendere
1201 679 1367 730 possit,
1400 680 1519 733 cogi-

294 760 494 801 tationem
519 755 907 806 conscientiamque
932 767 1017 796 non
1059 765 1191 807 posse
1212 753 1315 794 effici
1339 755 1522 798 artificio

295 832 628 887 compositionis
651 839 691 870 et
713 829 963 871 machinae?

358 909 438 952 His
464 907 543 949 alia
567 905 801 956 addantur,
824 916 930 956 quae
954 905 1153 956 exposuit
1178 913 1218 946 et
1237 904 1403 946 ornavit
1426 903 1523 947 Lu·-

298 985 488 1034 cretius‚
519 981 607 1033 ΙΙΙ,
638 993 703 1023 vs.
728 993 842 1032 440,
875 991 996 1031 seqq.
1035 979 1103 1021 Ex
1132 979 1291 1036 quibus
1317 980 1518 1023 omnibus

297 1059 404 1103 effici
429 1059 581 1100 volunt
596 1064 707 1108 ‚tam
728 1065 879 1097 arctam
902 1066 1144 1108 compagem
1169 1055 1417 1097 intercedere
1431 1068 1519 1098 non

295 1146 455 1191 posse,
490 1132 573 1175 nisi
611 1132 718 1173 inter
752 1131 936 1186 ejtisdem
970 1138 1140 1171 naturae
1180 1141 1272 1172 res:
1308 1139 1437 1183 atque
1460 1130 1518 1173 ita

298 1210 477 1252 maxime
499 1206 718 1261 probabile
746 1218 837 1249 esse
861 1215 902 1249 et
925 1204 1010 1249 fere
1034 1205 1164 1260 cogi,
1195 1205 1399 1248 Animum
1430 1218 1520 1249 esse

296 1295 565 1340 corporeum,

823 1435 865 1488 5.
923 1431 996 1477 ΠΙ.

415 1586 682 1633 Distributio
713 1593 1091 1640 argumentorum,
1131 1584 1278 1639 quihus
1306 1587 1417 1626 istae

611 1661 893 1704 dubitationes
929 1659 1217 1713 consmcmur.

361 1817 500 1870 Atqui
533 1811 873 1856 dubitationibus
899 1809 993 1852 istis
1016 1810 1213 1854 omnibus
1239 1812 1300 1854 nil
1324 1812 1524 1865 efficitur,

306 1892 391 1936 nisi
413 1893 495 1934 hoc
525 1901 654 1930 unum
670 1918 684 1939 ‚
710 1887 825 1939 quod
847 1898 969 1928 nemo
994 1897 1142 1939 negat,
1164 1887 1435 1929 arctissimam
1462 1901 1527 1929 es-

302 1980 352 2010 se
377 1965 519 2009 Animi
557 1974 596 2006 et
629 1962 834 2015 Corporis
869 1974 1142 2016 compagem,
1179 1976 1284 2014 quae
1310 1964 1524 2016 quomodo

301 2044 413 2087 inter
436 2043 540 2084 duas
564 2049 646 2081 tam
676 2039 861 2080 diversae
878 2047 1048 2078 naturae
1066 2050 1129 2079 res
1155 2038 1406 2080 intercedere
1426 2050 1528 2091 pos-

303 2119 396 2169 sit,
426 2117 592 2159 difficile
617 2115 672 2156 sit
695 2114 927 2156 intellectu.
981 2112 1070 2167 Jam
1095 2125 1194 2154 vcro
1231 2113 1346 2155 nulla
1381 2125 1428 2154 ex
1463 2113 1528 2154 his

304 2192 651 2236 dubitationibus
686 2199 843 2232 tantam
870 2188 992 2230 habet
1017 2188 1098 2231 vim
1115 2218 1131 2239 ‚
1162 2197 1209 2229 ut
1232 2200 1305 2242 per
1333 2201 1421 2230 eam
1448 2187 1531 2229 effi-

306 2269 442 2312 ciatur
466 2268 670 2311 Animum
701 2275 740 2307 ct
777 2265 1009 2318 simplicem
1039 2274 1227 2304 naturam
1256 2262 1532 2318 repugnantia

308 2357 417 2388 esse.
482 2342 678 2394 Denique
708 2353 852 2384 omnes
879 2340 1006 2382 simul
1033 2351 1120 2381 uno
1145 2340 1264 2392 lapsu
1292 2347 1528 2389 corruunt,

318 2433 447 2474 quum
473 2421 803 2461 demonstratum
827 2416 981 2466 fuerit,
1003 2415 1302 2468 cogitationem
1325 2426 1411 2459 nou
1432 2425 1537 2465 pos-

308 2508 358 2541 se
383 2496 524 2539 cadere
549 2494 592 2536 in
620 2504 808 2537 naturam
831 2491 1058 2547 Corporis.

1447 2563 1531 2606 Ar-
