1693 3110
282 160 365 217 496
569 146 1183 198 DISPUTATIO

281 276 508 332 Iosophis‚
543 274 613 327 qui
637 263 739 328 post¹
764 266 978 317 hominum
1012 275 1250 318 memoriam
1280 273 1475 329 fuerunt,

282 355 394 396 hunc
430 353 568 392 locum
603 352 762 392 tandem
799 351 863 391 vel
900 359 1188 402 pertractatum
1227 350 1371 392 velita
1395 362 1477 392 tra·

284 439 441 470 etatum
470 438 587 477 esse,
619 434 664 465 ut
698 437 844 477 operae
878 426 1054 477 pretium
1089 425 1242 466 factum
1271 426 1341 467 sit.
1400 426 1483 467 Im·

285 517 354 546 mo
391 513 518 550 vero,
569 511 788 542 moverunt
830 501 1038 552 multum,
1085 511 1380 553 promoverunt
1416 513 1488 553 pai

283 592 392 622 rum.
453 577 558 618 Nam
599 575 640 617 in
681 588 764 617 eam
803 577 968 628 quidem
999 586 1153 628 partem
1191 576 1487 628 profecerunt,

287 663 337 696 ut
375 651 607 694 rationibus
646 661 716 692 aut
751 651 875 693 certis
919 660 991 692 aut
1025 651 1325 692 verisimilibus
1360 650 1493 691 effice-

288 739 408 780 rent,
438 740 528 769 esse
561 725 720 778 aliquid
758 735 858 777 post
899 726 1002 766 banc
1037 727 1192 777 vitam,
1227 738 1359 777 neque
1395 737 1492 779 cum

290 815 467 856 corpore
497 802 697 845 Animum
741 800 987 853 exstingui:
1043 801 1124 841 hoc
1158 810 1291 842 tamen
1327 797 1497 857 aliquid

292 879 415 933 quale
436 886 567 928 esset,
599 887 703 927 quae
722 875 805 915 vita
824 883 862 915 et
884 872 995 915 actio
1016 875 1157 916 Animi
1182 888 1202 916 a
1225 887 1401 927 corpore
1423 887 1494 915 so-

287 956 370 999 luti
401 966 445 995 ac
477 952 608 993 veluti
638 949 768 1000 nudi,
799 947 916 990 nulla
937 949 1159 991 etiamnum
1187 949 1356 991 humani
1380 949 1496 1002 inge-

290 1032 351 1074 nii
376 1032 461 1071 acie
486 1024 754 1080 pervestigari
779 1024 932 1075 potuit.
993 1018 1144 1077 Neque
1177 1037 1310 1067 tamen
1343 1026 1420 1066 hoc
1447 1037 1497 1066 eo

291 1106 426 1148 valere
448 1103 595 1151 debet,
620 1110 666 1141 ut
693 1110 820 1140 totam
845 1096 948 1140 hanc
971 1089 1264 1152 quaestionem
1283 1111 1495 1151 tamquam

293 1177 630 1230 inexplicabilem
665 1175 974 1226 relinquamus:
1006 1186 1178 1226 contra,
1211 1176 1341 1228 magis
1375 1174 1498 1215 etiam

295 1254 435 1298 studia
470 1259 613 1293 nostra
649 1249 810 1290 incitari
835 1262 909 1301 par
944 1259 1036 1299 est,
1074 1253 1161 1300 ut‚'
1182 1250 1262 1290 nisi
1289 1247 1502 1300 pervenia-

294 1342 391 1372 mus
417 1329 467 1369 ad
487 1327 576 1380 ejus
606 1325 797 1374 exitum,
831 1323 971 1364 saltem
996 1323 1158 1375 aliquot
1180 1324 1329 1376 gradus
1362 1323 1503 1375 profe·

293 1416 452 1447 ramus.
512 1401 559 1442 ln
597 1399 739 1450 primis
774 1411 872 1440 vero
901 1399 1000 1440 utile
1022 1409 1059 1440 et
1082 1399 1310 1452 jucundum
1340 1408 1402 1440 est
1427 1410 1500 1439 co-

298 1489 527 1534 gnoscere,
567 1483 770 1526 quantum
799 1474 840 1514 in
869 1473 949 1514 hoc
976 1475 1111 1526 spatio
1135 1473 1387 1526 profecerint
1419 1473 1502 1514 Ve-

299 1564 406 1597 teres
423 1584 436 1605 ‚
470 1551 544 1604 qui
567 1549 772 1602 plurimos
796 1548 836 1589 in
860 1547 1135 1600 Philosophia
1158 1557 1407 1601 progressus
1433 1549 1504 1589 ha·

299 1631 497 1671 buerunt.
566 1625 706 1676 Nam,
746 1634 818 1664 aut
864 1623 1121 1675 aliquantum
1160 1622 1504 1676 promovebimus

297 1703 509 1746 erroribus
532 1702 700 1742 illorum
724 1699 917 1741 cavendis
932 1728 946 1749 ,
964 1700 1157 1750 verisque
1176 1699 1357 1747 inventis
1374 1728 1389 1750 ,
1420 1698 1506 1740 vel-

299 1780 361 1821 uti
388 1777 608 1831 vestigiis,
640 1774 962 1828 persequendis:
1000 1784 1071 1815 aut
1096 1806 1110 1826 ,
1144 1785 1252 1816 certe
1293 1774 1383 1827 ipsa
1415 1786 1512 1826 pro·

300 1865 518 1910 gressuum
560 1850 796 1892 observatio
832 1850 1090 1902 voluptatem
1128 1849 1254 1890 nobis
1294 1848 1424 1901 pariet
1447 1856 1509 1889 at·

303 1943 385 1984 que
420 1925 679 1981 ignorantiae
715 1924 912 1967 solatium
952 1924 1121 1968 adferet.
1179 1923 1343 1977 Quare,
1377 1935 1508 1974 quum

304 2005 559 2049 audivissem
587 2004 635 2044 de
660 2000 902 2053 quaestione
929 2011 950 2041 a
984 1999 1147 2050 Vobis,
1178 1997 1412 2041 Clarissimi
1437 1997 1514 2038 Vi-

303 2082 365 2132 ri,
397 2081 447 2122 ad
472 2078 770 2131 disputandum
804 2074 1054 2128 proposita,
1084 2076 1173 2128 ejus
1210 2073 1410 2125 elegantia
1445 2085 1512 2115 me

303 2156 512 2200 continuo
549 2154 775 2204 invitavit,
807 2161 853 2192 ut
888 2149 1120 2203 experirer,
1155 2148 1189 2189 si
1216 2147 1321 2189 forte
1348 2150 1391 2191 in
1421 2151 1512 2204 ejus

308 2231 557 2274 tractatione
581 2230 742 2280 aliquid
780 2228 935 2269 efficere
968 2236 1166 2279 possem,
1198 2226 1311 2276 quod
1345 2225 1511 2267 Vestris

295 2306 473 2363 ,iudiciis
514 2303 746 2357 probarem.
808 2304 1034 2354 Ceterum,
1076 2310 1293 2351 antequam
1327 2301 1516 2353 disputa.

305 2383 435 2425 tionis
472 2380 640 2425 initium
683 2380 831 2423 faciam
851 2408 865 2432 ,
897 2376 1152 2421 committere
1183 2388 1374 2430 nequeo,
1405 2377 1510 2429 quin

1461 2451 1512 2495 de
