1693 3110
221 139 304 190 ”192
585 126 1072 181 E'PtsToLtA-

225 258 287 302 Et
315 257 429 309 quod
460 258 675 310 Epicurus
705 255 1103 311 reprehendebatur,
1135 258 1269 304 Deum
1305 243 1446 306 verbis

227 336 473 388 reliquisse,
498 347 537 374 re
558 333 811 385 sustulisse3
836 334 950 385 quod
973 335 1130 376 nullam
1146 338 1180 378 ei
1196 339 1238 379 in
1263 342 1451 382 condens

227 416 284 456 do
307 413 462 453 mundo
484 423 639 463 partem
666 412 900 453 concedens
915 442 930 463 ,
959 415 1051 468 ejus
1073 415 1286 457 notionem
1311 427 1449 460 tamen

226 489 376 531 animis
420 487 638 528 homiuum
684 487 709 527 :i
744 489 890 528 natura
925 487 1098 530 inditam
1132 500 1171 531 et
1209 491 1454 544 impressam

231 567 391 622 ajebat:
425 578 566 608 nonne
605 567 741 607 simile
773 566 815 608 in
853 568 990 613 tribis
1025 569 1107 611 illis
1143 573 1310 624 placitis
1343 573 1458 614 Kane-³

225 646 316 688 tius
350 643 486 687 fecit?
533 644 652 699 Quid
690 653 752 685 est
789 643 933 696 aliud,
963 646 1168 700 judicium
1210 649 1392 690 viritatis
1425 649 1450 690 a,

227 722 391 765 ratione
413 722 461 762 ad
497 732 665 762 sensum
704 718 984 761 irrationalem
1012 730 1051 762 et
1077 723 1299 775 mysticam
1326 734 1459 766 teme.-

226 797 390 840 ritatem
415 795 666 847 transferre,
698 796 735 837 si
766 797 847 837 hoc
871 807 957 836 non
996 781 1094 838 est?
1137 794 1282 839 Pueris
1303 808 1342 838 et
1365 800 1453 851 ple-

228 875 274 918 bi
308 875 414 917 istae
456 873 620 926 species
658 883 953 915 ostententur:
996 872 1227 925 sapientiae
1270 858 1459 917 studiosi

228 951 487 1006 argumentis
519 961 558 992 et
592 949 829 992 rationibus
864 950 1112 991 doceantur,
1175 949 1357 1005 Quando
1382 963 1457 992 au·

228 1040 310 1072 tem
346 1030 429 1070 illis
457 1028 626 1081 placitis
663 1030 927 1069 antinomiae
957 1028 1067 1068 litem
1105 1027 1309 1078 intendit,
1343 1037 1381 1069 et
1408 1028 1458 1069 il-

229 1108 305 1149 lud
339 1105 454 1159 agit,
487 1114 534 1144 ut
566 1104 759 1145 ostendat
789 1115 933 1144 eorum
970 1101 1351 1144 demonstrationes
1386 1100 1459 1141 ad-

231 1181 316 1222 huc
354 1180 375 1220 a
414 1177 686 1231 philosophis
722 1177 912 1218 inventas
947 1186 987 1217 et
1018 1185 1240 1228 usurpatas
1280 1174 1341 1216 nil
1375 1159 1460 1216 effi-

231 1270 351 1309 cere,
382 1256 424 1297 in
459 1266 677 1306 utramque
713 1262 870 1306 partem
902 1253 1067 1303 valere,
1100 1263 1175 1292 nec
1214 1250 1346 1303 magis
1387 1250 1457 1290 de÷

233 1331 460 1377 monstrari
482 1343 610 1383 posse
634 1330 703 1370 illa
730 1340 824 1369 vera
848 1339 971 1380 quam
1002 1326 1106 1367 falsa
1133 1338 1223 1366 esse
1245 1339 1256 1366 ε
1282 1323 1458 1377 hocigi-

232 1419 305 1452 tur
326 1421 420 1450 cuin
448 1407 565 1460 agit,
596 1406 702 1447 nihil
729 1405 832 1458 agit„-
882 1404 1033 1445 Partim
1064 1404 1172 1444 enim
1200 1403 1460 1443 demonstra-

235 1484 374 1527 tiones
409 1482 502 1523 illas
532 1480 891 1532 philosophorum
928 1490 1015 1520 non
1057 1479 1158 1518 satis
1191 1478 1310 1530 plene
1332 1487 1371 1519 et
1396 1490 1465 1519 ac·

237 1570 378 1603 curate
410 1559 577 1600 retulit:
612 1555 786 1598 omnino
816 1563 953 1595 autem
996 1567 1082 1596 non
1108 1555 1348 1607 cogitasse,
1378 1566 1465 1597 cet·

238 1649 281 1680 te
304 1649 388 1679 non
423 1647 593 1677 curasse
617 1633 813 1684 videtur,
845 1631 1028 1673 eamdem
1056 1630 1286 1672 machinam
1316 1642 1465 1675 contra

239 1728 286 1759 se
318 1716 457 1768 ipsum
501 1712 691 1754 converti
725 1722 885 1764 posse,⁴
930 1712 1110 1752 eamdem
1147 1723 1236 1752 esse
1270 1723 1465 1755 caussam

239 1793 431 1837 omnium
486 1791 820 1840 theorematum,-
884 1788 1075 1840 exceptis
1125 1788 1464 1841 mathematicis,

243 1866 435 1922 quamvis
478 1875 588 1906 recte
630 1873 860 1915 exacteque
892 1864 1307 1916 demonstratorum,
1343 1874 1390 1906 ut
1423 1863 1469 1905 in

242 1943 498 1987 contrarium
528 1939 718 1982 converti
746 1939 945 1991 possint,
979 1949 1019 1981 et
1054 1939 1098 1981 in
1125 1949 1344 1991 utramque
1369 1951 1462 1991 par-

241 2030 325 2062 tem
353 2021 402 2060 de
434 2018 484 2059 iis
519 2017 730 2068 disputare
766 2016 913 2056 liceat:
946 2026 985 2055 et
1007 2014 1050 2056 in
1076 2016 1181 2056 hanc
1208 2016 1466 2056 antinomiae

243 2105 436 2137 caussam
459 2092 592 2145 magis
621 2092 741 2133 etiam
764 2090 943 2143 plutima
968 2090 1033 2131 sui
1059 2090 1194 2142 ipsius
1215 2090 1376 2131 decreta
1402 2090 1467 2131 in-

247 2172 411 2221 cidere,
444 2181 530 2221 quo
556 2169 674 2220 plura
709 2167 801 2220 ipse
824 2165 915 2208 sine
934 2165 1290 2208 demonstratione
1313 2175 1466 2218 postu-

246 2248 338 2289 lans
365 2246 615 2296 dictansque
639 2242 802 2296 posuit.

295 2313 331 2365 7.
376 2322 457 2362 Sed
492 2319 736 2373 singillatim
774 2317 981 2372 principia
1021 2316 1252 2361 videamus,
1325 2315 1471 2373 Quum

249 2410 392 2441 omnes
425 2396 474 2437 ab
514 2395 626 2437 omni
665 2408 766 2437 aevo
814 2394 1022 2436 tenuerint
1066 2393 1350 2447 philosophi,
1396 2407 1463 2447 res

246 2472 454 2518 sensibiles
489 2471 551 2515 ad
580 2471 753 2528 Tempus
780 2481 820 2514 ct
854 2471 1050 2526 Spatium
1087 2482 1166 2512 csse
1206 2468 1472 2520 adstrictas3

1421 2542 1471 2587 hi
