1693 3110
360 150 439 194 DE
470 142 985 194 IMMORTALITATE
1019 143 1214 191 ANIMI.
1302 149 1384 198 585

183 272 296 317 titias
322 285 453 314 rerum
479 271 520 312 in
545 269 742 311 Animum
768 266 942 317 inferri3
975 267 1044 309 sed
1069 266 1111 308 in
1140 279 1188 308 eo
1209 266 1290 320 jam
1314 279 1383 308 an·
1407 266 1555 345 {elgttbvs

184 357 249 391 tea
276 348 433 392 fuisse:
461 347 584 401 igitur
607 346 803 387 Animum
831 344 945 396 prius
972 344 1160 398 viguisse
1184 355 1230 384 ac
1257 343 1385 386 vixis·
1578 357 1580 360 ’

181 439 234 473 δε
253 440 376 480 quam
403 427 574 478 Corpus
599 421 885 466 nasceretur.”

247 534 283 555 ‚‚
313 504 391 545 Sed
417 500 751 555 quandoquidem
781 500 990 551 plerisque
1015 500 1095 541 alte
1116 499 1183 542 hic
1212 511 1387 552 scrupu-
1412 503 1490 540 Arz-
1513 495 1554 531 V·

186 577 258 621 lus
284 577 438 620 infixus
464 587 556 630 est,
588 587 635 617 ut
659 583 808 628 putent
840 575 1036 616 Animum
1063 586 1195 616 morte
1223 576 1390 628 Corpo-

191 651 250 692 ris
274 651 479 702 dissolvi,
509 659 549 697 et
579 649 662 692 sub
693 649 920 691 discessum
947 661 995 692 ex
1020 650 1212 702 Corpore
1244 662 1393 691 evane-

185 738 300 768 scere
327 739 371 768 ac
396 726 525 768 veluti
550 735 675 768 vento
700 726 914 778 dispergi,
945 725 1166 767 videndum
1199 736 1261 767 est
1287 725 1391 777 quid

181 802 240 845 sit
262 803 367 844 illud
389 803 584 853 dissolvi,
618 812 658 844 et
686 802 728 843 in
762 813 884 853 quam
910 810 1097 842 naturam
1124 802 1264 842 cadere
1288 815 1392 853 pos-

182 880 240 922 sit
269 881 348 932 (p.
380 882 526 936 384-—
544 881 617 933 387
639 880 678 931 ).
733 879 865 931 Atqui
890 878 1057 923 dissolvi
1081 880 1140 921 nil
1168 880 1281 921 aliud
1300 889 1391 933 est,

186 965 309 1005 quam
339 955 529 1005 partibus
554 953 642 995 suis
666 954 720 995 ita
747 955 930 1006 privari,
963 965 1008 996 ut
1032 953 1106 998 hae
1131 955 1345 997 discedant
1366 965 1392 995 a

134 1063 137 1065 .
183 1038 231 1068 se
253 1026 460 1078 invicem,
492 1034 532 1066 et
567 1035 614 1065 ut
642 1027 746 1066 illud
772 1037 937 1080 totum,
970 1029 1083 1080 quod
1113 1028 1176 1068 his
1203 1029 1391 1080 partibus

183 1101 436 1151 constabat,
466 1112 552 1142 non
584 1099 769 1152 amplius
803 1100 876 1142 sit.
947 1103 1082 1154 Igitur
1115 1103 1294 1145 dissolvi
1331 1102 1393 1144 nil

184 1187 354 1230 potest,
379 1176 462 1218 nisi
484 1177 597 1229 quod
622 1188 669 1219 ex
692 1177 882 1229 partibus
904 1186 1087 1218 constat.
1112 1178 1241 1219 Porro
1257 1179 1390 1219 anim-

186 1252 450 1293 advertamus
467 1281 483 1303 ,
529 1262 662 1296 rerum
704 1251 890 1296 omnium
938 1251 1022 1292 duo
1073 1263 1163 1292 esse
1207 1264 1384 1304 genera:

185 1326 335 1372 horum
364 1327 532 1368 alterum
565 1337 614 1366 ex
635 1324 826 1378 partibus
852 1334 916 1366 est
944 1325 1259 1378 compositum,
1290 1337 1392 1368 con-

179 1403 303 1447 tinuo
341 1402 620 1444 mutationum
658 1401 824 1442 turbine
855 1403 1064 1454 agitatur,
1095 1413 1169 1442 nec
1193 1414 1390 1452 umquam

182 1479 326 1522 eodem
351 1487 462 1521 statu
487 1487 653 1519 manet:
688 1477 859 1516 alterum
888 1477 1092 1527 simplex,
1124 1476 1239 1527 quod
1260 1476 1390 1518 nullis

181 1563 350 1596 constat
375 1552 595 1605 partibus,
627 1563 761 1602 neque
791 1562 1008 1603 propterea
1033 1552 1160 1593 tantis
1188 1555 1389 1593 mutatio-

178 1628 307 1673 nibus
342 1627 578 1682 subjectum
611 1638 702 1678 est,
734 1628 806 1669 sed
842 1639 964 1668 suum
1003 1637 1160 1668 statum
1196 1627 1379 1671 obtinet.

182 1705 481 1758 Compositurn
505 1714 791 1746 contrectatur
811 1703 1021 1758 Corporis
1043 1703 1258 1745 sensibus:
1287 1705 1387 1750 sim-

182 1782 283 1834 plex
308 1780 387 1821 sub
411 1781 574 1821 nullum
605 1779 713 1822 cadit
741 1778 945 1832 Corporis
975 1791 1170 1831 sensum,
1201 1781 1271 1820 sed
1296 1781 1389 1826 sola,

178 1854 324 1900 Animi
363 1856 618 1907 cogitatione
657 1854 920 1908 intelligitur.
979 1858 1061 1899 Iam
1090 1857 1271 1898 Animus
1297 1860 1388 1911 ipse

179 1930 285 1987 quin
322 1931 372 1971 ad
405 1931 661 1982 simplicium
699 1942 832 1972 rerum
869 1944 1004 1985 genus
1037 1943 1262 1985 pertineat,
1300 1947 1388 1976 non

177 2013 241 2044 est
265 2004 378 2054 quod
399 2004 653 2046 dubitemus.
713 2005 893 2046 Animus
925 2008 1030 2048 enim
1067 2009 1184 2049 nullo
1218 2008 1388 2062 Corpo-

178 2077 237 2121 ris
267 2089 395 2119 sensu
419 2087 730 2129 contrectatur,
761 2080 834 2120 sed
857 2080 925 2120 sui
953 2082 1043 2133 ipse
1064 2086 1227 2125 actione
1248 2096 1288 2124 et
1311 2097 1387 2128 co.

176 2155 379 2207 gitatione
419 2153 498 2198 sibi
546 2154 801 2196 innotescit:
855 2157 1066 2209 Animus,
1111 2162 1385 2211 quantumvis

178 2226 352 2279 Corpus
376 2228 579 2270 continuo
617 2238 826 2279 mutetur,
856 2230 948 2283 ipse
970 2232 1075 2274 idem
1098 2244 1256 2277 manet:
1282 2237 1388 2278 Ani-

179 2315 305 2353 mus,
338 2304 531 2355 quamvis
566 2304 737 2358 Corpus
763 2307 976 2350 mutiletur
1011 2319 1049 2352 et
1089 2313 1284 2355 sensibus
1318 2326 1389 2356 eo-

178 2391 356 2430 rumque
384 2379 673 2422 instrumentis
708 2383 921 2434 corporeis
951 2385 1169 2440 privetur,
1202 2390 1290 2441 ipse
1325 2400 1386 2433 ta-

178 2466 273 2505 men
296 2456 507 2512 cogitandi
530 2458 614 2506 vim
639 2470 726 2506 non
755 2459 924 2505 amittit.
985 2462 1164 2518 Animus
1189 2466 1382 2510 notitiam

801 2534 840 2576 Ο
857 2547 881 2577 0
920 2548 947 2594 5
1282 2541 1384 2585 siin-²
