1693 3110
224 163 489 214 ADDEND.
520 180 584 211 AD
614 166 858 213 MEMOR.
892 167 1237 217 SANCTOCR.
1299 185 1380 227 241

162 292 230 337 'bis
256 290 597 346 impertiendam:
629 303 761 343 quae,
790 290 1012 337 Memorid
1036 296 1181 338 nostra
1205 295 1377 348 demum

161 371 301 422 edita,
331 371 381 411 ad
401 381 479 411 nos
503 363 641 410 venit:
675 380 769 410 sero
793 370 962 420 quidem
982 385 994 414 z
1022 374 1097 413 nec
1116 382 1251 415 tamen
1275 365 1372 415 mit-

161 448 293 489 tentis
327 445 626 499 cunctatione,
663 448 737 499 qui
768 459 931 492 mature
963 464 1049 493 eam
1074 448 1264 497 dederat:
1301 448 1375 497 sed

162 522 386 569 adferentis
417 523 621 564 retardato
650 524 849 568 adventu.
919 528 1093 582 Adjecta
1127 541 1213 573 erat
1245 531 1376 574 Noti-

164 605 231 642 tia
265 600 456 643 Silvestri
489 600 642 653 Sacyi:
686 614 810 653 quam
847 603 983 656 ipsius
1015 607 1276 649 humanitate
1310 622 1380 650 ac·

163 685 327 729 ceptam
362 676 445 729 jam
473 676 524 716 ad
549 675 799 730 scriptionis
827 688 995 721 nostrae
1024 690 1149 722 usum
1176 672 1378 725 adhibue-

164 763 322 792 ramus.
390 749 516 792 Nunc
536 780 551 802 ‚
583 763 687 803 quae
715 751 765 793 ad
797 744 903 794 hanc
942 746 1216 808 supplendam
1250 760 1378 810 perti-

164 834 294 874 nent,
327 836 377 866 ex
401 820 599 866 Larcheri
629 816 791 875 literis,
825 822 977 871 Latine
1000 831 1158 873 reddita
1191 845 1380 885 appona-

167 911 290 941 mus:
358 930 384 951 ‚‚
413 899 593 941 Gratum
630 901 733 942 mihi
759 900 934 954 feceris,
967 904 1003 945 si
1029 905 1192 958 aliquid
1220 908 1382 960 scripto

171 975 434 1018 mandaveris
475 974 519 1016 in
562 975 721 1017 laudem
773 977 1062 1020 Sanctocrucii
1099 981 1252 1023 nostri.
1326 983 1386 1023 Et

170 1051 253 1093 hoc
286 1061 362 1094 tuo
397 1050 533 1094 officio
555 1051 678 1104 plane
710 1050 864 1104 dignus
899 1063 989 1103 est,
1022 1054 1098 1106 qui
1131 1060 1171 1095 te
1203 1056 1387 1098 multum

171 1129 340 1171 amarit.
423 1130 720 1182 Aegrotantem
767 1128 894 1170 invisi
939 1128 1023 1170 fere
1069 1130 1294 1182 quotidie.
1348 1132 1390 1173 et

171 1196 399 1246 diuturnus
454 1203 538 1244 fuit
591 1203 765 1244 morbus
821 1203 871 1245 ab
925 1205 1041 1246 exitu
1094 1204 1298 1249 Octobris
1346 1220 1386 1251 a.

169 1272 493 1322 MDCCCVIH
522 1280 571 1320 ad
604 1280 646 1321 d.
682 1278 740 1320 XI
763 1277 908 1321 Martii
931 1280 1238 1324 MDCCCIX:
1269 1293 1309 1325 et
1334 1294 1385 1326 tu

169 1356 297 1398 nobis
322 1368 409 1397 eras
435 1368 562 1396 unum
593 1357 614 1397 ὲ
638 1356 960 1409 jucundissimis
987 1371 1225 1401 sermonum
1258 1368 1384 1415 argu·

171 1433 347 1476 mentis:
381 1446 519 1486 neque
551 1433 621 1474 ille
651 1434 701 1475 de
732 1443 771 1474 te
798 1434 1051 1486 loquebatur
1075 1437 1165 1478 sine
1189 1437 1389 1480 interiore

173 1510 301 1552 animi
342 1519 487 1559 motu3
533 1518 581 1549 ut
621 1507 744 1549 facile
786 1514 1028 1561 appareret,
1067 1511 1190 1562 quam
1223 1523 1317 1566 erga
1351 1520 1392 1556 te

174 1591 337 1634 sincere
367 1589 542 1632 affectus
583 1587 709 1629 esset.
769 1586 984 1639 Principio
1009 1587 1183 1629 morbus
1212 1589 1274 1630 nil
1308 1589 1391 1632 nisi

172 1666 436 1720 stranguria,
468 1664 586 1707 nullo
607 1675 701 1704 cum
730 1663 838 1704 vitae
865 1663 1053 1715 periculo
1070 1695 1083 1715 ‚
1103 1677 1195 1706 esse
1221 1665 1389 1707 virlebac-

174 1751 262 1783 tur.
322 1742 380 1782 At
416 1739 623 1783 incidente
651 1737 715 1779 bis
743 1737 939 1790 deinceps
975 1738 1208 1791 cruditate,
1240 1747 1387 1782 secuta

173 1828 237 1861 cst
272 1818 402 1863 febris
439 1816 672 1865 continua,
705 1820 745 1855 'et
778 1815 930 1855 malum
970 1814 1020 1854 ad
1055 1814 1216 1856 obitum
1256 1825 1394 1867 usque

174 1894 372 1936 invaluit.
441 1892 571 1947 Quod
603 1898 740 1933 antem
776 1890 818 1932 in
857 1890 1027 1931 Notitizi
1065 1892 1252 1943 Sacyana
1283 1891 1393 1934 faeta

175 1982 239 2015 est
275 1969 436 2012 mentio
472 1969 561 2023 ejus
593 1964 766 2019 uxoris,
809 1966 934 2020 digna
983 1974 1080 2008 sane
1121 1977 1185 2008 est
1227 1969 1277 2009 de
1312 1979 1395 2020 qua

172 2047 294 2099 plura
316 2053 648 2098 cognoscantur.
706 2042 789 2084 Est
825 2041 1019 2095 profecto
1056 2040 1236 2084 foemina
1272 2042 1396 2084 multi

178 2119 363 2174 ingenii,
396 2119 522 2162 animi
551 2118 729 2171 optimi,
765 2117 920 2169 fortis,
951 2120 1212 2161 constantis:
1245 2120 1393 2172 singu-

177 2196 276 2238 laris
299 2196 342 2238 in
368 2197 672 2239 consuetudine
693 2202 739 2237 ac
770 2196 966 2237 sermone
991 2196 1282 2238 amoenitatis:
1316 2209 1393 2239 nec

178 2275 302 2316 vultu
328 2285 367 2316 et
398 2275 544 2317 habitu
567 2275 721 2330 gratiae
754 2278 918 2327 expers·
980 2274 1091 2316 Haec
1131 2275 1308 2318 furiosis
1338 2277 1402 2318 ci-

180 2350 307 2392 vibus
331 2351 501 2393 strictos
529 2350 690 2407 gladios
722 2352 804 2394 sibi
834 2351 1168 2404 intentantibus,
1203 2365 1250 2396 ut
1274 2355 1400 2396 mari-

182 2436 271 2466 tum
297 2426 403 2479 ipsis
433 2428 760 2481 demonstraret,
793 2430 1067 2481 imperterrita
1093 2433 1279 2482 mansit,
1312 2440 1399 2472 ma·-

181 2503 397 2556 ritumque
423 2507 623 2549 servavit.
683 2506 772 2549 Hac
800 2513 930 2549 uxore
959 2507 1287 2552 Sanctocrucrus
1322 2520 1400 2549 no-

237 2573 334 2624 Vol.
367 2578 424 2623 II.
834 2582 876 2639 Q
1327 2593 1412 2627 stet
