1693 3110
297 155 411 200 166Δ
663 150 1144 195 EPISTOLA

302 300 332 326 „
360 271 496 325 tis-que
522 272 668 322 pofcns
692 290 747 297 -—
774 279 885 307 nunc
918 267 1075 307 trahor
1108 267 1232 318 exul,
1264 271 1395 325 inops,
1456 270 1547 319 Ita„

304 374 334 399 ,‚
360 346 442 386 hoc
476 342 516 383 in
553 341 664 382 libro
697 341 838 392 quaeri
871 340 980 382 sitne
1007 341 1182 385 omnino
1208 348 1403 395 quaedam
1429 347 1524 389 Me·

304 449 333 475 „
360 417 610 471 taphysica‚
650 416 738 470 eJ‘us
774 415 927 457 limites
964 414 1193 468 fontesque
1226 419 1432 471 designari
1465 433 1517 466 ex

305 525 334 550 „
362 493 617 547 principiisg,
658 490 877 535 Rationem
925 493 1215 536 difficillimum
1260 508 1384 538 suum
1434 511 1526 541 mu-

303 600 334 625 „
362 582 477 621 nus,
511 580 556 610 se
587 567 722 622 ipsam
761 568 1076 621 cognoscendi,
1107 571 1247 611 denuo
1279 573 1523 627 suscipere,

305 676 334 702 „
361 645 549 690 tribunal
581 644 868 695 constituere,
902 646 1014 697 quod
1052 643 1188 696 ipsius
1227 647 1343 699 justa
1374 658 1527 700 postu.

308 756 336 780 ‚‚
364 726 445 767 lata
477 731 670 774 tueatur,
701 721 859 776 injusta
898 720 1113 775 repudiet,
1145 723 1264 765 istam
1300 726 1410 767 litem
1436 738 1528 769 non

310 829 339 855 „
368 799 609 852 imperiosis
637 798 785 840 edictis
801 827 815 848 .,
849 799 919 839 sed
939 798 990 839 ad
1013 808 1200 841 aeternas
1224 809 1264 840 et
1287 800 1531 843 immutabi-

311 907 339 932 „
368 878 427 919 les
460 875 601 928 ipsius
637 874 834 917 Rationis
870 875 978 919 leges
1009 874 1184 918 decidat.
1254 874 1373 923 Hanc
1404 887 1529 918 unam

311 981 340 1005 „
369 951 505 994 adhuc
529 950 713 992 relictam
738 949 845 991 viam
881 959 927 989 se
962 948 1201 1002 ingressum
1241 948 1425 1001 profiteri
1458 959 1535 990 au-

311 1056 341 1080 „
368 1027 494 1078 dere,
535 1026 700 1067 nullum
751 1036 845 1067 esse
889 1023 1236 1077 Metaphysicum
1284 1025 1533 1079 problema,
1598 1013 1600 1015 θ

312 1132 341 1157 „
371 1102 476 1155 quin
502 1101 699 1153 perhanc
726 1100 928 1143 Criticam
958 1110 1028 1142 aut
1055 1100 1245 1142 solutum
1275 1100 1364 1152 sit,
1395 1112 1467 1142 aut
1492 1101 1531 1145 ei

313 1207 342 1233 ‚‚
371 1178 576 1220 solvendo
603 1177 668 1218 via
691 1177 933 1229 aperiatur,
964 1185 1004 1218 et
1034 1177 1153 1229 quasi
1180 1177 1314 1217 clavis
1340 1176 1535 1230 praebea-

315 1284 345 1308 „
373 1254 503 1298 tur.‘’
537 1277 594 1285 ——
632 1253 784 1305 Talia,
828 1252 988 1306 priores
1038 1252 1367 1304 reprehendens,
1410 1260 1451 1293 et
1494 1264 1540 1295 se

315 1332 457 1386 ipsum
488 1330 760 1385 praedicans,
793 1339 834 1371 et
866 1328 948 1372 alia
985 1329 1170 1380 similia,
1201 1329 1245 1370 in
1278 1327 1541 1373 Praefatione

320 1407 463 1461 ponit.

370 1480 464 1524 PH.
504 1478 619 1524 Satis
657 1480 765 1533 hoc,
811 1487 861 1522 ut
894 1479 1069 1522 cuilibet
1110 1478 1154 1521 in
1194 1487 1369 1521 mentem
1404 1479 1546 1522 veniat

377 1593 504 1649 ,Quid
523 1601 643 1634 tanto
667 1593 842 1649 dignum
857 1593 978 1647 feret
999 1593 1067 1634 hic
1083 1594 1316 1649 promissor
1335 1594 1498 1635 hiatu?

378 1671 651 1713 Parturium
680 1674 866 1714 montes!

386 1785 462 1830 W.
496 1787 634 1829 Caute
663 1786 781 1840 agis,
814 1784 930 1837 quod
958 1792 1114 1826 caetera
1144 1783 1336 1836 omittIs‚

916 1920 972 1931 -
995 1906 1196 1938 nascetm-
1216 1896 1426 1939 ridiculas
1447 1911 1552 1944 mus.

328 2029 468 2071 neque
508 2015 616 2058 enim
663 2023 745 2057 tam
791 2016 1016 2068 parvulum
1053 2014 1206 2056 animal
1243 2015 1430 2068 prodiit,
1473 2027 1549 2059 nec

330 2103 413 2137 tam
456 2093 648 2135 timidum
686 2104 724 2135 et
758 2092 903 2146 fugax.

389 2169 485 2212 CR.
518 2169 663 2210 Dicam
688 2168 814 2210 vobis
850 2180 897 2210 ex
933 2166 1113 2209 historic-2
1138 2167 1344 2211 naturali:
1377 2167 1459 2209 fuit
1483 2176 1557 2211 aut

332 2248 511 2291 horrens
533 2249 669 2299 spinis
696 2248 898 2296 echinus,
915 2259 984 2286 aut
998 2244 1137 2286 creber
1156 2245 1327 2299 flagellis
1350 2248 1558 2300 polypus.

390 2330 464 2371 W.
500 2328 609 2371 Mihi
651 2330 872 2371 videbatur
907 2329 1001 2368 item
1031 2327 1237 2368 Ovi.liana
1278 2327 1411 2368 forma
1438 2327 1566 2369 exiis·

334 2420 408 2459 se,
442 2418 528 2449 non
558 2407 724 2458 quidem
767 2407 928 2461 reginae
965 2406 1192 2457 Hecubae,
1225 2418 1345 2457 quam
1381 2406 1563 2449 Kantius

335 2484 536 2539 volebat,
567 2484 639 2527 sed
674 2496 779 2528 anus
816 2483 1010 2528 fatidicae
1046 2483 1232 2537 Sibyllae
1268 2482 1480 2535 querentis
1510 2481 1563 2522 il·

1492 2554 1570 2599 lud
