1693 3110
503 170 1162 232 PARENTALIm
1362 180 1446 242 3&

234 320 359 366 rum,
401 324 574 366 quarum
611 307 765 351 Socius
805 307 969 360 fuerat,
1008 305 1261 361 Leidensis,
1301 308 1452 355 Harle-

233 393 420 442 mensis,
444 389 643 439 aliarum3
674 397 770 428 nam
790 384 873 426 fuit
896 386 1140 426 multarum.
1183 384 1241 426 Et
1266 385 1357 438 ipse
1379 399 1450 428 so-

233 469 423 510 dalitium
466 464 680 514 instituit,
722 474 838 514 qu0,
879 471 925 503 ut
961 473 1041 504 suo
1080 474 1230 515 opere,
1272 463 1455 507 maxime

228 541 537 591 delectabatur,
560 538 684 592 cujus
703 546 942 578 conventus
966 537 1196 590 convivio,
1223 540 1453 582 menstruis

228 617 494 669 intervallis,
536 615 809 658 celebraretur
848 610 899 655 ab
936 614 1180 656 hominibus
1214 615 1352 657 doctis
1386 616 1455 658 vel

225 694 441 739 doctrinae
477 692 745 742 amantibus,
789 689 834 731 in
872 689 1045 744 Aggere
1079 689 1308 742 Leidensi‚
1351 690 1452 734 vico

225 772 365 814 medio
402 770 530 812 trium
577 766 778 819 urbium,
821 764 1006 818 Leidae‚
1048 766 1222 820 Hagae,
1263 766 1461 820 Delpho-

224 858 350 900 rum,
391 847 464 888 ubi
495 845 589 899 ipse
623 844 862 886 habitabat:
893 844 977 885 hoc
1017 844 1260 886 sodalitium
1303 846 1326 886 a
1363 845 1456 887 suis

223 923 371 966 amicis
395 923 505 965 obiri
536 921 656 964 valde
685 919 909 973 cupiebat,
939 932 1100 974 eosque
1137 934 1233 963 cum
1271 922 1455 963 adduce·

225 1001 327 1053 bat,
358 1009 447 1041 tum
476 997 745 1040 arcessebat:
779 1008 820 1039 et
843 997 937 1052 ipse
961 998 996 1038 ei
1020 997 1263 1051 gratificans
1290 999 1458 1050 aliquo-

223 1075 305 1117 ties
341 1075 451 1117 veni,
514 1072 683 1116 Publici
709 1083 847 1115 autem
884 1074 1070 1115 muneris
1104 1074 1263 1116 nullam
1294 1085 1455 1128 partem

221 1152 427 1204 attingere
473 1149 645 1202 voluit,
691 1149 887 1203 quamvis
925 1149 1069 1191 delati.
1136 1148 1284 1190 Veluti
1318 1162 1453 1202 quum

218 1229 520 1274 Meermannus
551 1228 605 1270 V.
635 1228 703 1269 lll.
723 1256 738 1278 ,
770 1227 876 1268 idem
905 1238 1020 1268 nunc
1054 1226 1181 1269 nobis
1212 1227 1450 1281 lugendus,

220 1309 295 1349 sed
333 1313 465 1359 quum
500 1307 535 1348 is
572 1306 654 1347 sub
692 1303 806 1359 Rege
837 1304 1068 1355 Francico,
1113 1303 1452 1356 Cubicularius,

220 1383 514 1434 Administer,
547 1379 791 1422 Praefectus
827 1379 1120 1422 Institutionis
1154 1379 1355 1422 Publicae
1390 1380 1452 1422 fa·

211 1467 310 1502 etus
343 1469 481 1510 esset,
511 1458 840 1508 Boersiumque,
873 1456 1126 1498 auctoritate
1166 1456 1326 1510 Regis,
1359 1456 1448 1497 col-

211 1538 344 1585 legam
382 1536 512 1589 hujus
549 1533 836 1587 praefecturae
869 1532 1110 1585 allegisset,
1156 1533 1334 1585 eJusque
1368 1544 1450 1573 no-

212 1624 307 1654 men
333 1621 378 1652 ut
409 1612 544 1652 allecti
572 1610 615 1651 in
639 1608 999 1661 Ephemeridibus
1025 1609 1212 1662 publicis
1232 1609 1450 1663 prodidis-

210 1698 305 1739 set,
335 1688 430 1741 ipse
454 1699 553 1728 mox
581 1687 625 1728 in
655 1685 801 1728 iisdem
828 1685 1187 1739 Ephem‘eridibus
1218 1686 1444 1740 epistolam

207 1763 338 1807 edidit
354 1762 406 1805 ad
430 1763 749 1805 Meermannum
767 1792 783 1816 ,
805 1775 1002 1805 recusans
1027 1763 1134 1804 illud
1158 1775 1340 1815 munus,
1363 1765 1443 1805 hu·

206 1845 386 1886 inaniter
421 1843 618 1897 quidem,
652 1845 725 1886 sed
758 1844 812 1886 iis
849 1853 990 1886 tamen
1030 1844 1201 1898 verbis,
1238 1854 1284 1887 ut
1316 1844 1441 1887 facile

203 1929 452 1973 appareret,
499 1920 602 1973 quid
643 1921 693 1962 de
730 1920 936 1963 Francico
980 1922 1202 1964 dominatu
1245 1924 1435 1968 sentiret.

199 1997 384 2049 Scripsit
405 2006 444 2038 et
466 1997 575 2048 alia,
609 1997 684 2039 sed
718 1997 830 2039 fictis
855 1997 942 2038 sub*
963 1998 1238 2041 nominibus:
1273 1999 1315 2041 in
1341 1999 1436 2051 qui-

206 2074 289 2117 bus
315 2084 355 2116 et
388 2074 560 2116 libellus
584 2074 670 2116 fuit
699 2075 913 2126 pertinens
939 2075 990 2116 ad
1017 2075 1347 2129 indignationem
1372 2076 1438 2117 in·

194 2146 329 2201 juriae
360 2150 828 2192 Amstelodamensibus
871 2151 894 2192 a
931 2148 1136 2192 Francico
1171 2150 1316 2204 Rege,
1379 2156 1430 2190 ut

198 2222 362 2277 ajebat,
393 2223 556 2278 factae,
597 2226 671 2278 qui
705 2226 792 2267 illis
823 2226 997 2269 Curiam
1026 2227 1280 2278 ademisset,
1323 2226 1430 2268 sibi-

199 2312 283 2351 que
315 2301 469 2355 regiam
505 2302 696 2345 fecisset.
769 2302 850 2344 Sed
886 2303 962 2344 hae
1005 2315 1105 2344 mox
1141 2315 1284 2344 aureae
1315 2305 1432 2345 visae

195 2389 298 2421 sunt
332 2391 429 2432 res,
461 2393 534 2434 per
563 2382 779 2424 insecutas
815 2380 989 2423 ferreas.
1048 2382 1186 2424 Patria
1227 2382 1429 2424 Francica

194 2459 417 2513 provincia
443 2461 508 2505 fit.
572 2463 798 2505 Continuo
824 2474 891 2503 aes
921 2463 1012 2517 ejus
1038 2463 1216 2504 alienum
1235 2494 1250 2515 ,
1282 2464 1429 2517 ingens

198 2536 315 2581 illud
332 2569 348 2591 2
378 2538 420 2581 in
444 2540 568 2594 cujus
591 2540 762 2584 foenore
785 2540 959 2594 plurimi
979 2540 1096 2583 cives
1118 2542 1284 2595 positas
1306 2541 1432 2582 habe-

1331 2616 1434 2659 bant
