1693 3110
331 187 413 245 49⁸
635 179 1239 228 DISPUTATlo

333 319 458 362 quam
499 313 709 358 tamquam
744 305 958 357 ducibus,
988 308 1070 351 uti.
1131 310 1194 350 Ita
1230 307 1473 363 integriores
1492 307 1554 355 ab

329 384 462 426 aliena
486 381 734 423 auctoritate
758 395 804 423 ac
832 382 1126 436 praejudicatis
1153 385 1429 439 opinionibus
1465 403 1545 433 no-

327 469 462 502 strum
493 458 577 510 ipsi
601 457 808 512 judicium
836 470 1070 509 sequemur.

385 536 441 577 V.
473 534 591 587 Ergo
626 534 840 586 primum,
871 534 1038 575 materia
1070 537 1357 590 congerenda,
1388 547 1428 580 et
1461 539 1546 582 loci

324 610 517 654 nondum
544 609 596 650 ab
620 608 714 651 aliis
739 610 891 660 prolati
913 611 1120 652 excitandi
1143 622 1265 665 sunt‚
1291 615 1429 666 quoad
1451 615 1547 666 qui-

324 687 414 727 dem
454 688 543 739 ejus
573 685 664 727 fieri
698 695 861 739 potest.
923 685 1066 729 Multa
1101 688 1209 730 enim
1246 690 1379 732 adhuc
1414 691 1545 732 latent

322 762 367 803 in
395 761 597 803 Veterum
625 762 946 814 monumentis,
975 774 1052 805 nec
1079 765 1218 807 omnia
1251 777 1301 807 ex
1324 766 1376 808 iis
1398 775 1549 819 protu-

323 838 374 884 lit
397 839 681 880 recentiorum
696 838 941 891 diligentia.

378 913 455 955 VI.
505 912 674 956 Critica
711 925 885 965 quoque
919 912 1277 957 animadversione
1311 927 1418 966 opus
1452 924 1546 968 est,-

322 989 365 1032 in
406 990 656 1032 auctoritate
693 989 919 1041 locorum,
966 989 1124 1041 quibus
1172 1002 1252 1042 pro
1290 991 1550 1032 testimoniis

321 1066 513 1116 utimur,
538 1065 808 1108 aestimanda.
843 1064 987 1116 Itaque
1011 1065 1231 1106 videndum
1263 1065 1312 1107 de
1333 1065 1443 1106 libro
1461 1095 1476 1115 .‚
1501 1064 1545 1106 in

321 1151 410 1191 qno
435 1140 554 1181 locus
593 1149 760 1193 exstat,
791 1141 847 1182 sit
873 1153 1001 1182 necne
1035 1140 1222 1181 auctoris
1249 1139 1393 1190 illius,
1421 1139 1547 1193 cnjus

322 1216 491 1258 nomine
515 1214 674 1267 fertur,
716 1226 756 1256 et
780 1218 893 1257 sitne
913 1226 1062 1258 auctor
1085 1217 1177 1268 ipse
1206 1215 1286 1255 fide
1310 1215 1482 1267 dignus.

379 1290 478 1334 VH.
522 1290 654 1333 Porro
681 1300 904 1332 auctorum
943 1290 1050 1331 locis
1079 1289 1312 1331 adhibenda
1341 1299 1405 1330 est
1427 1290 1546 1343 justa

324 1367 642 1419 interpretatio,
688 1377 735 1408 ut
770 1379 897 1409 verus
938 1377 1080 1407 eorum
1133 1376 1281 1405 sensus
1330 1374 1542 1417 appareat.

324 1442 443 1495 Quae
473 1441 639 1491 quidem
667 1439 953 1492 interpretatio
977 1438 1160 1491 duplicis
1188 1446 1250 1479 est
1279 1439 1461 1491 generis:
1487 1439 1548 1481 al-

324 1525 433 1565 tera,
478 1515 740 1566 verborum,
784 1527 892 1567 quae
929 1527 950 1554 a
991 1513 1278 1554 Grammatica
1318 1513 1476 1555 ratione
1504 1519 1545 1553 et

327 1589 496 1642 linguae
516 1589 760 1641 cognitione
783 1587 979 1630 ducitur:
1010 1587 1133 1628 altera
1148 1617 1164 1639 ⁹
1186 1598 1318 1628 rerum
1339 1616 1354 1637 ‚
1376 1589 1459 1638 qua
1481 1587 1547 1629 lo-

324 1663 365 1705 ci
400 1664 466 1705 vis
514 1663 728 1714 aperitur,
760 1675 811 1704 ex
836 1661 1025 1704 auctoris
1053 1662 1119 1702 vel
1150 1663 1297 1712 secta,
1327 1661 1393 1702 vel
1421 1672 1548 1713 pecu·

324 1738 415 1781 liari
450 1739 611 1780 ratione
636 1750 681 1778 ac
709 1736 1031 1779 consuetudine.

385 1815 516 1856 VIII.
549 1813 707 1856 Harum
733 1824 867 1855 autem
894 1814 1030 1867 legum
1055 1811 1111 1852 ita
1131 1810 1330 1854 rationem
1351 1812 1544 1864 habebo,

323 1905 411 1936 non
447 1902 493 1933 ut
531 1892 582 1934 ad
606 1903 672 1932 eas
709 1892 896 1945 singulas
937 1902 1282 1942 unumquemque
1307 1892 1442 1932 locum
1473 1903 1545 1932 ex-

325 1970 509 2022 plicem,
544 1969 690 2020 quod,
721 1967 947 2021 profecto,
990 1966 1201 2009 infinitum
1242 1966 1325 2017 sit,
1362 1975 1402 2007 et
1436 1964 1542 2007 mihi

327 2043 562 2095 scribenti,
594 2053 632 2084 et
663 2044 798 2086 Vobis
829 2043 1097 2097 legentibus,
1128 2042 1200 2083 sed
1235 2050 1280 2081 ut
1314 2053 1379 2083 eas
1416 2042 1542 2083 tacite

326 2121 492 2173 quidem
519 2131 681 2172 semper
715 2120 928 2162 observem
946 2150 960 2171 ,
991 2119 1143 2160 diserte
1168 2130 1270 2159 vero
1305 2119 1411 2161 locis
1436 2119 1542 2160 diffi-

326 2195 549 2237 cilioribus
591 2195 822 2239 adhibeam.
883 2194 1080 2237 Ordinem
1116 2193 1294 2245 denique
1331 2194 1442 2235 hunc
1477 2206 1541 2235 se-

325 2281 455 2321 quar,
484 2280 531 2311 ut
558 2271 787 2312 secundnm
813 2270 1016 2323 temporis
1043 2268 1184 2310 seriem
1213 2279 1417 2312 sectarum
1442 2281 1539 2312 suc-

324 2344 538 2386 cessiones
570 2356 792 2388 notentur:
829 2357 869 2387 et
901 2345 1077 2398 primum
1113 2345 1161 2385 de
1197 2344 1372 2386 Thalete
1401 2354 1441 2386 et
1469 2344 1537 2386 Io·

324 2420 433 2462 nicis
462 2432 594 2472 usque
627 2423 676 2463 ad
706 2423 915 2463 Socratem
943 2433 1175 2473 exponam:
1208 2421 1353 2463 deinde
1377 2422 1426 2463 de
1457 2420 1538 2473 Py-

328 2495 582 2550 thagoricis,
613 2506 679 2550 et,
714 2498 788 2551 qui
822 2498 872 2541 ab
913 2497 964 2539 iis
1003 2497 1183 2551 proiecti
1222 2507 1349 2550 sunt,
1379 2497 1539 2540 Eleati-

1439 2583 1528 2616 cis:
