1693 3110
295 163 382 220 538
585 161 1193 213 DISPUTATIO

116 298 218 335 seen*
237 303 277 337 v.
299 297 441 328 manae
467 285 751 339 gubernantur
777 301 798 330 a
824 288 978 332 Divina
1001 289 1298 345 Providentia,
1329 305 1432 347 quae
1454 293 1501 341 in

109 344 215 381 Plato.

298 361 443 417 primis
477 373 617 402 curam
645 373 690 402 ac
722 363 891 403 tutelam
919 374 1059 404 eorum
1089 366 1193 417 gerit
1212 395 1227 417 ‚
1259 366 1331 417 qui
1357 367 1400 408 in
1423 368 1500 412 hac

298 443 387 483 vitri
425 440 601 481 Veritati
639 452 684 481 ac
707 440 866 481 Virtuti
899 442 1166 484 studuerunt.
1225 442 1311 498 Qui
1335 444 1500 496 quidem

296 517 397 558 haec
429 517 538 558 bona
571 525 672 568 post
694 516 903 569 Corporis
934 526 1104 559 mortem
1143 517 1504 570 consequentur.’'

296 592 436 634 Habet
459 591 631 634 omnino
655 593 974 646 Argumentatio
999 605 1189 649 magnam
1213 594 1502 638 verisimilitu-

294 667 450 710 dinem.

355 745 536 787 Secundi
562 746 811 799 Argumenti
837 746 936 787 haec
962 755 1024 788 est
1051 747 1115 789 vis
1132 779 1148 800 ‚
1181 755 1229 788 ut
1260 759 1310 789 ex
1331 758 1506 800 compa-

298 822 460 864 ratione
482 823 665 865 omnium
683 854 698 875 ‚
725 836 830 875 quae
853 823 894 864 in
918 826 1065 867 naturai
1080 824 1213 876 fiunt,
1234 824 1508 876 ostendatur,

299 909 473 942 mortem
500 913 587 942 non
612 913 701 942 esse
726 900 942 942 transitum
968 900 1009 942 in
1034 900 1212 942 nihilum
1230 932 1245 952 ‚
1277 901 1348 942 sed
1370 909 1507 941 trans-

297 973 403 1016 itum
433 974 474 1015 in
506 975 629 1015 alium
662 984 835 1017 statum.
896 973 1038 1028 HuJ'us
1079 975 1250 1016 rationis
1282 975 1503 1017 efficaciam

300 1051 461 1104 egregrie
491 1052 701 1104 perspexit
744 1062 867 1104 atque
899 1052 1100 1105 explicuit
1141 1052 1507 1104 Mendelsohnus‚

299 1127 638 1179 elegantissimus
669 1128 987 1181 philosophus,
1019 1129 1060 1170 in
1093 1127 1238 1170 libello
1261 1129 1310 1169 de
1337 1127 1510 1170 Immor-

300 1202 486 1253 talitate‚
517 1202 750 1245 Pliaedonis
780 1205 949 1246 nomine
973 1205 1198 1257 appellato.
1243 1204 1350 1245 Nam
1376 1216 1506 1256 quum

301 1276 442 1317 omnis
475 1277 516 1317 in
554 1288 687 1317 rerum
724 1280 872 1321 natur&
904 1278 1083 1319 mutatio
1120 1278 1192 1319 fiat
1231 1279 1428 1330 paulatim
1468 1287 1510 1319 et

303 1351 574 1393 successione
609 1352 837 1404 graduum3
882 1353 1059 1393 mutatio
1095 1352 1259 1404 quidem
1295 1365 1366 1404 ea,
1406 1366 1511 1405 quae

299 1427 350 1468 fit
384 1439 432 1467 ex
459 1426 544 1468 vita
576 1428 621 1468 in
655 1437 858 1478 mortem,
890 1428 933 1469 id
957 1436 1045 1480 est,
1078 1440 1127 1469 ex
1156 1428 1268 1469 rein
1300 1429 1512 1481 nihilum,

301 1515 388 1543 nou
414 1501 461 1542 fit
487 1501 756 1542 successione
793 1503 1024 1555 graduum:
1056 1513 1096 1543 et
1123 1504 1396 1554 quantumvis
1425 1515 1512 1547 rem

303 1579 467 1622 minuas
494 1609 508 1630 ,
549 1591 708 1630 semper
756 1579 895 1620 eodem
937 1578 1159 1622 intervallo
1209 1591 1232 1619 a
1275 1578 1410 1623 nihilo
1453 1581 1515 1622 di..

306 1656 454 1698 stabit.
512 1654 646 1708 Igitur
681 1654 863 1696 Animus
900 1663 1069 1696 naturae
1101 1653 1264 1696 viribus
1303 1654 1518 1710 exstingui

303 1733 468 1784 nequit.

363 1811 554 1852 Tertium
584 1819 916 1863 superstructum
938 1819 999 1851 est
1018 1811 1187 1852 duobus
1210 1810 1516 1862 fundamentis,

292 1893 423 1930 'certo
450 1897 490 1928 et
515 1887 690 1929 incerto.
724 1887 898 1928 Certum
925 1897 987 1928 est
1015 1898 1053 1928 et
1077 1900 1097 1928 a
1121 1887 1396 1940 philosophis
1418 1899 1516 1929 cum

309 1963 533 2004 Veteribus
562 1972 647 2003 tum
676 1961 999 2004 Recentioribus
1021 1963 1273 2015 probatum,
1303 1962 1346 2002 in
1369 1964 1517 2004 natura

311 2039 370 2081 nil
397 2050 555 2079 novum
593 2038 691 2079 oriri
716 2050 790 2079 nec
819 2039 987 2079 interire
1014 2038 1272 2090 quidquam:
1305 2037 1519 2080 interitum

312 2125 354 2157 et
384 2124 522 2156 ortum
562 2126 648 2156 non
686 2114 772 2155 fieri
810 2127 858 2156 ex
897 2114 1031 2155 nihilo
1068 2122 1106 2154 et
1144 2114 1182 2154 in
1210 2110 1419 2164 nihilum,
1452 2115 1524 2157 sed

314 2191 628 2245 compositione
667 2204 712 2232 ac
740 2191 1025 2232 dissolutione
1054 2191 1249 2241 partium.
1312 2189 1523 2232 Incertum

313 2277 406 2317 est,
428 2266 606 2307 Animos
628 2277 772 2307 omnes
797 2266 879 2320 jam
901 2276 1015 2306 antea
1040 2262 1176 2305 fuisse
1201 2276 1323 2315 quam
1352 2266 1394 2306 in
1415 2265 1524 2306 Cor-

316 2356 418 2397 pora
444 2343 660 2395 venirent‚
692 2355 765 2383 nec
802 2343 865 2383 vel
892 2343 941 2383 ab
979 2343 1073 2394 ipso
1107 2340 1198 2382 Deo
1234 2341 1358 2382 creari
1387 2353 1523 2387 novos

317 2418 497 2462 Animos
514 2448 529 2468 ‚
558 2430 631 2458 nec
656 2419 832 2459 existere
859 2419 1030 2469 quadam
1057 2417 1372 2469 compositione
1398 2427 1526 2459 mate-

317 2495 416 2540 riae.
480 2493 562 2537 Sed
583 2493 789 2547 Animos,
818 2494 852 2536 si
878 2494 1043 2548 quidem
1067 2505 1088 2536 a
1106 2491 1198 2536 Deo
1217 2502 1407 2536 creentur
1427 2503 1530 2536 con-a

1478 2567 1536 2611 tio
