1693 3110
298 206 377 253 DE
406 188 923 250 nmoRTALITATE
955 195 1148 242 Amin.
1255 197 1334 252 653

191 331 259 375 Ex
283 330 358 371 hac
387 315 526 371 Animi
553 326 699 367 natura
725 323 1135 374 consequitur‚eum
1164 330 1250 362 non
1274 321 1339 359 in·
1368 310 1548 393 ssgsscffim

137 408 258 449 terire
292 404 503 458 Corporis
535 413 682 444 morte.
742 402 857 454 Ergo
889 399 985 441 vani
1019 405 1121 439 sunt
1158 402 1207 437 ex
1236 394 1351 437 Stoi·

136 484 200 524 cis
228 476 295 534 ii‚'
317 481 391 534 qui
429 489 658 532 putarunt,
690 477 882 531 Corpore
915 476 1028 530 gravi
1056 474 1239 528 pondere
1272 484 1352 525 op·

137 559 285 611 presso
318 568 356 598 et
398 556 640 606 exstincto,
676 554 875 595 Animum
909 562 1080 603 quoque
1109 541 1348 603 exstingui3

137 635 222 688 Ep.
256 631 397 676 LVIl.
456 632 636 675 Animus
673 631 781 673 enim
805 629 900 682 ipso
924 629 1020 681 igne
1042 627 1239 668 subtilior
1260 636 1350 679 θεῖς

139 719 179 751 et
204 708 237 749 si
267 703 477 761 superstes
503 715 566 748 est
596 705 781 758 Corpori
805 716 879 746 nec
903 704 1035 756 perit,
1067 703 1146 744 hoc
1173 708 1257 743 eam
1282 701 1355 741 ha-

139 783 211 825 ·bet
231 784 343 836 vim,
369 794 414 824 ut
444 783 555 824 nulla
581 780 771 834 exceptio
795 781 936 844 locum
960 780 1130 830 habeat,
1150 791 1233 831 qua
1255 788 1353 820 cum

141 858 334 913 Corpore
369 860 673 914 exstinguatur.
734 860 798 903 Ita
820 861 943 902 locus
982 860 1050 903 hic
1076 860 1257 903 difficilis
1286 859 1355 901 exi-

141 938 361 988 ponendus
407 937 584 978 videtur.
657 936 798 978 Etiam
839 937 882 978 in
922 948 1131 980 consensu
1167 937 1355 990 gentium

139 1021 204 1054 est
245 1023 534 1065 argumentum
582 1014 945 1057 Immortalitatis:
995 1016 1140 1067 Epist.
1176 1013 1355 1058 CXVII.

133 1075 176 1142 b„
209 1091 310 1132 Cum
335 1091 384 1131 (le
411 1093 667 1132 Animarum
693 1094 951 1133 aeternitate
979 1091 1246 1142 disserimus,
1275 1104 1358 1132 non

140 1166 228 1210 leve
243 1177 491 1209 momentum
515 1168 633 1223 apud
653 1182 720 1209 nos
742 1169 866 1210 habet
887 1181 1101 1210 consensus
1118 1168 1358 1218 hominum,

142 1251 218 1284 aut
242 1245 479 1283 timentium
502 1243 696 1295 biferas,
729 1253 804 1284 aut
827 1242 1102 1285 colentium?
1142 1243 1278 1296 Nam,
1312 1252 1360 1286 ut

141 1319 269 1370 paulo
281 1331 375 1360 ante
395 1319 554 1362 dixerat
570 1349 585 1371 ‚
623 1349 650 1370 „
669 1319 801 1375 Apud
819 1311 888 1362 rios
910 1320 1110 1364 veritatis
1135 1334 1362 1379 argumen-

139 1402 228 1435 tum
254 1403 341 1445 est,
374 1394 548 1451 aliquid
564 1395 748 1437 omnibus
775 1396 942 1440 videri:
973 1408 1190 1454 tamquam
1222 1402 1362 1452 De05·,

138 1471 255 1510 inter
287 1470 381 1511 alia
416 1472 474 1510 sic
505 1471 772 1525 colligimus,
815 1472 926 1528 quod
960 1474 1143 1515 omnibus
1178 1475 1228 1516 de
1258 1475 1358 1517 Diis

141 1546 278 1602 opinio
307 1546 441 1588 insita
476 1555 564 1586 est:
595 1560 667 1589 nec
699 1545 792 1588 ulla
818 1560 919 1602 gens
947 1561 1122 1604 usquam
1159 1550 1260 1591 adeo
1297 1559 1358 1591 e5t

142 1612 271 1665 extra
294 1623 403 1679 leges
422 1622 642 1678 projecta,
660 1632 707 1664 ut
732 1637 812 1665 uon
837 1624 998 1680 aliquos
1019 1624 1128 1668 Deos
1154 1625 1356 1668 credat.’'

147 1702 342 1744 Ceterum
371 1711 420 1741 ex
450 1700 541 1741 sola
570 1700 714 1742 divinit
739 1700 879 1742 Animi
913 1700 1075 1754 origine
1107 1703 1196 1756 ejus
1227 1711 1355 1744 aeter-

131 1776 256 1819 nitas
291 1774 536 1828 colligitur,
566 1774 609 1816 in
648 1776 873 1817 Consolat.
906 1775 955 1816 ad
991 1774 1209 1828 Helviam,
1241 1777 1350 1830 Cap.

128 1851 220 1894 1Xl.
251 1875 307 1882 -—
347 1880 381 1902 ‚‚
411 1852 597 1891 sincerus
628 1851 830 1900 Animus,
861 1863 913 1891 ac
933 1859 1117 1891 naturae
1139 1865 1238 1893 suae
1270 1836 1352 1893 me-

142 1940 266 1978 mor,
298 1926 398 1971 levis
430 1929 516 1982 ipse
548 1934 587 1967 et
610 1936 798 1968 exsertus
822 1935 862 1966 et
887 1928 1051 1982 quando
1074 1931 1240 1970 emissus
1258 1929 1356 1978 fue-

146 2007 237 2055 rit,
268 2006 524 2044 emicaturus
548 2002 609 2044 ad
633 2014 792 2043 semzma
809 2016 824 2042 .·
853 2003 1024 2043 interim
1049 2013 1252 2057 quantum
1276 2015 1355 2060 pe'r

147 2097 286 2126 moras
327 2082 608 2124 membrorum
642 2089 682 2121 et
717 2082 824 2121 hane
855 2083 1157 2134 circumfusam
1176 2093 1356 2138 gravem

146 2162 364 2204 sarcinam
396 2158 523 2208 licet,
553 2157 682 2198 celeri
717 2165 757 2196 et
778 2156 943 2198 volucri
963 2158 1215 2211 cogitatione
1244 2161 1354 2205 divt-

145 2244 203 2273 na
225 2233 480 2288 perlustrat.
542 2229 718 2286 Ideoque
745 2244 817 2272 nec
848 2233 1026 2274 exulare
1059 2239 1258 2290 umquam
1280 2249 1354 2293 po-

145 2317 252 2357 test,
283 2307 416 2358 liber,
447 2315 486 2347 et
519 2306 600 2347 diis
626 2314 854 2361 cognatus,
896 2316 938 2348 et
975 2311 1086 2350 omm'
1122 2323 1222 2353 aevo
1246 2321 1349 2367 par.

149 2384 270 2426 Nam
301 2386 500 2437 cogitatio
523 2382 610 2432 ejus
632 2385 751 2425 eirea
777 2395 894 2425 omne
914 2385 1069 2426 coelum
1093 2395 1134 2426 et
1157 2391 1204 2427 in
1223 2400 1356 2444 prae-

144 2462 319 2500 teritum
335 2457 619 2514 futurumque
641 2467 799 2513 tempus
819 2460 1081 2504 immittitur.
1125 2463 1357 2519 Corpuscu-

146 2537 231 2579 lum
257 2539 330 2581 ἦρε
347 2568 361 2591 ‚
391 2537 578 2579 custodia
609 2547 647 2579 et
672 2537 885 2581 vinculum
921 2541 1094 2592 Animi,
1125 2542 1203 2582 lmc
1231 2550 1358 2595 atque

1306 2613 1360 2654 il-
