1693 3110
367 185 449 238 57⁸
667 172 1280 223 DISPUTATIO‘

198 308 292 345 sect.
313 312 353 344 v.
372 302 426 345 do
460 299 760 343 conformatam
796 313 916 356 esse,
949 301 987 344 is
1027 301 1138 344 haud
1173 312 1290 355 aegre
1310 301 1520 346 Platonem
1544 308 1574 346 α

179 349 282 386 mam'
373 376 670 430 repugnantiae
712 376 883 419 crimine
932 377 1138 421 absolvet.
1206 377 1322 432 Ergo
1361 387 1530 432 apparet
1556 406 1573 431 ‚

369 462 499 494 totam
537 453 641 494 hanc
677 452 723 494 in
758 452 945 494 Phaedro
988 452 1217 505 expositam
1250 454 1572 496 demonstratio·

367 540 460 571 nem
500 538 646 581 parum
687 527 835 569 habere
866 527 1073 569 firmitatis
1100 558 1114 579 ‚
1157 527 1240 570 nisi
1277 529 1315 571 si
1352 542 1445 571 cum
1481 529 1575 571 aliis

369 604 540 659 placitis
573 603 616 645 in
641 602 816 645 Timaeo
849 604 1050 657 expositis
1080 605 1377 659 conjungatur.
1435 607 1579 652 Atque

367 680 480 721 haud
504 678 594 720 scio
615 690 666 720 an
689 678 804 720 Plato
830 677 921 731 ipse
942 689 1090 732 postea
1113 680 1162 720 de
1184 678 1313 733 hujus
1343 680 1577 732 argumenti

366 755 563 797 firmitate
599 753 879 806 dubitaveritg,
925 755 1082 808 quippe
1118 756 1225 797 illud
1259 768 1346 798 non
1379 755 1582 797 assumsit

365 833 420 875 ad
454 831 781 884 disputationem
818 829 862 871 in
894 829 1112 872 Phaedone
1141 831 1462 885 consignatam,
1493 832 1580 883 qua.

366 911 581 960 rationes,
610 921 715 961 qnae
742 910 792 952 ad
817 909 1104 952 stabiliendam
1131 910 1486 953 Immortalitatem
1512 923 1585 954 va-

367 987 450 1028 lere
486 986 758 1036 viderentur,
804 984 1024 1038 diligenter
1068 985 1314 1038 expromsit.
1386 985 1582 1027 Ceterum

365 1073 536 1118 poterat
561 1064 641 1105 alia
673 1063 860 1114 ratione,
890 1074 939 1104 ex
960 1062 1034 1104 illa
1062 1063 1318 1116 proprietate
1342 1072 1382 1104 et
1406 1062 1587 1105 faculta-

368 1150 412 1182 te
450 1141 626 1183 Animae
665 1153 710 1181 se
745 1140 879 1193 ipsam
917 1140 1141 1192 movendi,
1172 1148 1461 1191 argumentum
1486 1136 1586 1180 duci

372 1215 545 1259 minime
579 1215 957 1265 contemnendum,
990 1227 1076 1267 quo
1108 1213 1357 1264 efficeretur,
1387 1212 1583 1254 Animam

373 1306 463 1337 non
486 1306 576 1335 esse
598 1303 819 1344 corporeae
842 1300 1040 1342 naturae,
1062 1290 1191 1343 igitur
1210 1289 1483 1341 corruptione
1499 1288 1588 1331 dis·

368 1370 671 1420 solutioneque
703 1368 883 1420 partium
921 1378 1008 1408 non
1043 1366 1231 1408 interire.
1303 1365 1412 1408 Nam
1450 1378 1585 1418 quum

370 1448 416 1490 in
456 1445 726 1498 Corporibus
756 1442 1012 1483 mutationes
1051 1442 1230 1484 existant
1265 1441 1387 1483 certis
1422 1442 1586 1495 legibus

373 1519 576 1577 ponderis
611 1532 658 1562 ac
693 1519 866 1569 motus,
897 1527 936 1558 et
961 1516 1046 1558 fere
1069 1517 1319 1559 necessitate
1342 1517 1585 1570 machinae;

375 1597 559 1648 Anima,
592 1594 627 1636 si
664 1592 831 1646 quidem
858 1591 914 1633 sit
939 1603 1170 1645 corporea,
1207 1603 1331 1645 quam
1357 1601 1513 1645 partem
1533 1592 1587 1635 li-

378 1673 554 1717 bertatis
582 1672 758 1722 habeat,
790 1667 967 1720 intelligi
989 1667 1154 1719 nequit.

184 1773 258 1812 Arg.
284 1781 327 1807 ex
428 1751 648 1796 Decimum
675 1748 724 1788 de
747 1743 982 1797 Republica
1014 1744 1168 1785 librum
1216 1742 1338 1786 Plato
1369 1743 1589 1786 concludit

183 1816 269 1858 ΒΨ
290 1818 333 1851 Χ·
374 1828 610 1874 narratione
632 1823 798 1864 fabulae
826 1821 875 1861 de
902 1817 1012 1860 Here
1044 1819 1223 1871 quodam
1248 1819 1479 1870 Armenio,
1510 1817 1586 1870 qui

377 1919 426 1949 ex
449 1912 585 1947 morte
607 1901 650 1943 in
671 1899 799 1941 vitam
826 1897 1046 1948 rediisset,
1066 1908 1112 1937 ac
1137 1895 1187 1936 de
1207 1894 1395 1948 praemiis
1419 1894 1592 1947 poenis-

374 1994 460 2037 que
495 1980 790 2022 del'unctorum
816 1973 1043 2015 retulisset.
1105 1971 1185 2012 Sed
1204 1979 1422 2020 antequam
1448 1969 1498 2010 ad
1525 1967 1588 2011 fa-

373 2059 520 2102 bulam
561 2053 754 2104 accedit,
800 2047 1029 2103 praemittit
1067 2044 1356 2100 gravissimam
1395 2044 1588 2097 disputa·

373 2136 568 2184 tionem,
602 2131 684 2183 qua
710 2127 885 2170 Animae
908 2121 1264 2165 Immortalitatem
1305 2120 1591 2162 demonstrare

376 2214 536 2256 studet¹
596 2209 735 2264 Quare
762 2203 944 2246 fabulam
980 2210 1093 2242 nunc
1128 2196 1294 2250 quidem
1335 2193 1592 2247 praetermit-

379 2299 547 2340 tamus,
587 2280 982 2328 demonstrationem
1004 2287 1102 2319 vero
1123 2272 1459 2314 consideremus:
1480 2280 1591 2312 eam-

379 2379 492 2420 que,
541 2361 878 2417 quandoquidem
916 2352 1183 2409 longiuscula
1237 2360 1325 2404 est,
1364 2362 1450 2392 non
1482 2347 1590 2402 ipsis

377 2439 629 2492 Philosophi
658 2437 799 2480 verbis
829 2433 1088 2481 referamus,
1118 2428 1189 2471 sed
1213 2426 1447 2468 summatim
1473 2424 1591 2465 exhi-

381 2521 554 2568 beamus
568 2547 584 2572 ,
605 2526 652 2559 ut
679 2518 769 2572 ejus
791 2523 928 2558 tamen
947 2510 1013 2555 vis
1035 2517 1076 2552 et
1106 2506 1355 2553 consecutio
1374 2510 1586 2560 appareat.

1471 2577 1589 2621 Haec
