1693 3110
281 150 335 192 68
411 138 910 190 2.11ROLEGOMENA
939 151 1001 181 m<
1032 138 1320 186 EmTtoNE
1361 166 1367 175 ,

283 282 367 323 que
411 264 713 309 consectandae
751 260 934 302 laborem
974 259 1080 301 ferre
1114 273 1326 316 possent,
1370 273 1503 316 atque

280 347 383 387 adeo
411 355 483 396 per
505 339 748 382 dialecticae
774 336 1046 381 subtilitatem
1086 339 1135 377 ad
1171 339 1328 382 ethicae
1350 341 1498 382 human

279 420 483 468 nitatem,
530 425 570 456 et
604 413 899 467 physiologiae
929 413 1218 465 divinitatem,
1261 415 1498 468 percipien=

278 496 370 535 dam
413 491 667 534 contendere
712 490 886 532 vellent.
960 486 1238 549 Hujusmodi·
1259 491 1494 546 discipulos

278 582 409 624 quum
435 568 535 609 mihi
557 578 693 619 nuper
716 575 865 607 nactus
898 564 1085 617 viderer,
1117 568 1325 619 proposui
1347 567 1401 608 iis
1432 568 1501 611 ins

276 646 616 698 terpretationem
645 641 987 693 Platonicilibri.
1050 640 1179 696 Quod
1207 641 1270 683 illi
1298 642 1499 697 proposi·

278 736 369 769 tum
396 737 524 777 quum
553 722 657 776 grati
683 721 958 773 tabentesque
984 721 1270 774 accepissent,
1302 734 1397 763 ecce
1421 734 1497 764 co·-

273 804 344 857 pia
382 801 666 853 exemplorum
711 799 862 840 deerat.
932 797 995 838 lbi
1030 807 1119 838 tum
1159 798 1297 839 statim
1333 798 1498 845 decrevi

276 889 409 920 unum
436 877 615 928 aliquem
638 873 846 926 dialogum
871 874 1013 925 edere,
1045 874 1132 919 sive
1156 886 1232 927 ego
1256 874 1391 927 ipsius
1410 886 1494 917 nu*

274 953 387 995 mine
418 950 605 993 Platonis
639 950 895 1001 instinctus,
928 949 1018 991 sive
1049 950 1206 990 studiis
1230 951 1490 1002 optimorum

271 1028 581 1070 adolescentum
609 1025 834 1077 abreptu53
862 1024 1128 1076 quimearum
1150 1025 1240 1078 ipse
1254 1038 1386 1067 rerum
1401 1028 1491 1068 vel.

274 1104 523 1154 utiignarus
543 1133 556 1154 ‚
584 1110 622 1142 et
646 1101 865 1142 immemor
879 1100 1028 1141 veteris
1048 1113 1094 1142 ac
1118 1101 1497 1153 perpetuiPlutar-

272 1180 367 1221 chei
392 1179 559 1230 oneris,
593 1189 750 1220 novum
775 1178 895 1223 etiam
922 1188 960 1220 et
986 1178 1354 1219 extraordinarium
1381 1190 1493 1221 onus

267 1255 416 1296 edendi
442 1253 643 1296 Platonici
671 1254 826 1307 dialogi
852 1253 1135 1307 susciperem:
1163 1254 1403 1307 praesertim
1428 1254 1492 1297 in-

271 1335 463 1389 telligens
480 1335 583 1375 idem
602 1333 706 1375 mihi
728 1343 977 1375 eventurum
996 1365 1010 1385 ‚
1030 1334 1146 1386 quod
1169 1333 1212 1375 in
1227 1332 1402 1375 Selectis
1417 1332 1497 1375 Hi-

272 1415 529 1455 storicorum
557 1412 795 1463 evenisset,
816 1420 862 1451 ut
890 1411 1211 1464 gratificandum
1236 1420 1344 1451 esset
1368 1410 1496 1452 libra-

271 1488 336 1529 rio
360 1487 521 1539 aliquid
547 1486 815 1527 additamenti
842 1495 881 1527 et
911 1485 1200 1528 annotationis
1223 1485 1493 1538 postulanti,

277 1582 367 1622 quo
397 1569 567 1609 libellus
598 1569 646 1610 ad
670 1568 776 1610 alios
802 1570 921 1611 etiam
941 1599 956 1620 ‚
981 1580 1094 1610 exzra
1121 1581 1248 1610 meam
1276 1569 1494 1621 scholam,

267 1649 447 1690 lectores
472 1646 846 1688 commendabilior
870 1647 1122 1706 redderetur.
1173 1649 1321 1699 Itaque
1345 1646 1420 1687 has
1445 1645 1490 1688 in

264 1725 527 1768 Phaedonem
545 1753 560 1774 ‚
584 1733 630 1764 ut
646 1723 739 1767 illas
757 1723 799 1763 in
824 1721 982 1763 Selecta
997 1750 1013 1773 ,
1038 1722 1336 1763 annotationes
1357 1720 1407 1763 ab
1429 1733 1495 1762 ae-

268 1800 366 1852 quis
384 1797 599 1852 Judicibus
618 1799 674 1838 ita
697 1797 819 1837 veliin
844 1796 1009 1849 accipi,
1031 1808 1118 1838 non
1135 1806 1180 1837 ut
1205 1797 1435 1839 elaboratas
1449 1808 1492 1840 et

263 1875 529 1935 locupletes,
558 1874 630 1916 sed
657 1883 702 1914 ut
731 1873 895 1916 subitas
921 1886 967 1914 ac
994 1883 1167 1926 tenues,
1202 1876 1492 1919 accommoda-

260 1963 328 1996 tas
361 1964 498 1995 tamen
539 1950 798 2004 explicandis
826 1950 1065 1992 Platonicae
1091 1950 1391 2002 disputationis
1427 1949 1492 1991 di-

262 2027 510 2080 ctionisque
537 2025 644 2067 locis
672 2025 1006 2076 difficilioribUS‚
1031 2038 1164 2078 eoque
1194 2026 1364 2068 nomine
1386 2025 1491 2068 tiro-

263 2104 392 2149 nibus
425 2112 535 2143 certe
565 2103 688 2143 utiles
707 2133 721 2153 ‚
752 2114 826 2143 nec
860 2100 1062 2145 veteranis
1090 2100 1271 2142 sortasse
1294 2099 1486 2143 inutiles.

319 2179 379 2221 Et
395 2189 496 2220 tunc
518 2178 683 2229 quidem
709 2177 916 2219 continuo
939 2174 1148 2218 Graecum
1173 2187 1283 2226 opus
1301 2175 1491 2225 nudum,

263 2267 388 2307 quem
416 2262 663 2296 contextum
692 2262 876 2304 vocant,
900 2251 1014 2305 typis
1042 2249 1358 2304 exprimendum
1376 2259 1495 2290 cura-

262 2335 303 2377 vi
321 2363 336 2384 .,
369 2340 415 2372 ut
439 2331 599 2372 scholis
630 2330 790 2371 nostris
818 2329 1007 2374 exempla
1033 2334 1331 2379 suppeterent:
1364 2336 1495 2366 anno-

261 2409 443 2462 tationes
459 2438 475 2460 ‚
489 2406 790 2460 praefationem
812 2437 827 2458 ‚
842 2406 1028 2458 aliasque
1049 2412 1187 2456 partes
1212 2413 1287 2455 per
1311 2399 1491 2443 aestivas

257 2486 388 2536 ferias
417 2484 597 2529 scribere
621 2485 897 2529 destinabam.
959 2482 1039 2525 Sed
1052 2479 1327 2537 propositum
1352 2475 1491 2531 primo

1421 2549 1492 2595 Bi·
