1693 3110
397 215 485 273 ⁶42⁴
699 205 1311 261 DISPU‘TATIO

158 327 315 412 &gt-‘gf
401 337 442 381 ci
481 336 646 388 nostri,
684 343 772 380 non
813 334 896 380 sibi
927 346 1156 392 constant,
1196 350 1272 383 nec
1309 347 1621 395 consequenter

402 425 565 469 agunt,
610 413 709 455 dum
750 415 988 457 concedunt
1030 415 1223 458 Animam
1264 426 1365 470 post
1413 418 1621 471 Corporis

403 500 577 534 mortem
604 503 867 544 permanere,
899 492 971 533 sed
1004 502 1140 535 tamen
1170 492 1395 545 aliquando
1431 494 1616 538 interires

398 566 512 611 Nam
548 566 648 608 haec
686 575 767 610 una
817 576 882 610 est
925 565 1175 620 difficultas,
1221 569 1436 622 quomodo
1472 569 1617 612 Animi

398 646 491 686 sine
540 641 808 695 Corporibus
866 642 1012 697 degere
1048 657 1097 687 ac
1133 644 1273 686 vivere
1305 645 1504 697 possint:
1546 645 1619 688 sed

397 719 484 761 hoc
517 718 643 760 semel
681 730 918 771 concess05
951 719 1067 761 nulla
1088 731 1237 762 caussa
1270 729 1365 772 est,
1396 732 1522 773 quare
1545 720 1621 762 ali-

402 795 574 848 quando
601 794 831 836 intereantz
877 794 977 838 Vid.
1010 793 1119 847 Cap.
1151 803 1354 850 30-33.

456 871 654 913 Ceterum
687 869 791 911 illud
812 868 984 912 firmiter
1003 875 1168 926 manet,
1203 865 1379 913 mortem
1402 882 1490 914 non
1526 882 1616 914 esse

397 948 572 990 maium.
634 945 771 998 Nam,
805 946 921 998 quod
955 945 1167 998 diximus,
1209 946 1246 988 si
1285 959 1357 999 per
1396 959 1480 988 eam
1518 947 1620 989 Ani-

398 1035 497 1067 mus
543 1022 861 1076 exstinguitur,
894 1030 1028 1064 status
1067 1022 1139 1064 ille
1172 1023 1347 1065 omnino
1379 1023 1485 1065 nihil
1509 1023 1616 1067 erit:

399 1110 499 1152 ergo
530 1110 606 1140 nec
644 1096 786 1140 bonus
822 1109 899 1139 nec
937 1098 1105 1139 malus:
1137 1097 1171 1139 si
1193 1109 1291 1140 vero
1315 1098 1498 1140 Animus
1527 1108 1624 1139 sen*-

400 1187 495 1218 sum
523 1187 569 1217 ac
597 1173 727 1217 vitam
767 1174 917 1216 retinet
938 1202 955 1226 ‚
999 1174 1101 1215 felix
1145 1173 1292 1227 potius
1325 1185 1446 1226 quam
1474 1172 1623 1217 infelix

403 1249 482 1292 erit
517 1249 585 1291 ille
627 1258 778 1294 status.
839 1249 937 1292 Hoc
970 1249 1164 1291 Socrates
1199 1251 1309 1302 apud
1333 1247 1544 1292 Platonem
1577 1249 1621 1291 in

401 1326 618 1379 Apologia
649 1325 773 1377 (vid.
801 1335 930 1376 supra
959 1324 1073 1364 Sect.
1099 1321 1177 1366 IV.
1203 1324 1225 1376 )
1257 1325 1483 1374 praedican
1541 1323 1624 1366 Sed

401 1412 545 1444 utrum
567 1414 614 1442 ex
630 1400 799 1442 duobus
820 1397 1010 1440 futurum
1037 1397 1119 1449 sit,
1150 1398 1283 1440 simus
1307 1398 1452 1451 parati.
1487 1399 1621 1442 Cum-

401 1493 488 1534 que
511 1491 623 1520 mors
646 1476 774 1519 nobis
799 1476 857 1518 sit
878 1474 1139 1526 constituta,
1168 1486 1255 1516 non
1297 1486 1383 1516 eam
1422 1476 1464 1517 in
1497 1475 1618 1518 malis

403 1560 639 1606 ducamus3
673 1552 833 1606 quippe
863 1550 1139 1592 constitutam
1177 1550 1244 1591 vel
1272 1562 1294 1592 a
1319 1550 1412 1592 Diis
1445 1549 1621 1592 Immor-

404 1636 596 1686 talibus,
624 1632 692 1675 vel
716 1643 738 1672 a
764 1629 930 1671 Natura
960 1636 1128 1680 parente
1159 1626 1378 1670 omnium:
1403 1652 1457 1664 -
1486 1627 1622 1672 Conf,

402 1714 517 1767 Cap.
539 1725 589 1765 33
603 1721 743 1765 —49.
777 1739 812 1762 ,‚
833 1707 934 1749 Non
956 1709 1063 1748 enim
1088 1716 1240 1748 temere
1261 1721 1334 1748 nec
1346 1708 1534 1761 fortuito
1555 1720 1624 1749 sa·

406 1794 443 1834 ti
468 1799 506 1832 et
526 1789 665 1832 creati
688 1798 859 1829 sumus:
887 1783 965 1826 sed
982 1784 1169 1840 profecto
1179 1784 1271 1834 fuit
1294 1784 1501 1839 quaedam
1525 1789 1619 1838 vis,

404 1880 515 1926 quae
550 1867 703 1921 generi
736 1862 969 1904 consuleret
1006 1862 1217 1902 humano:
1248 1873 1320 1901 nec
1352 1859 1406 1902 id
1425 1863 1621 1916 gigneret

403 1951 484 1986 aut
508 1939 675 1991 aleret,
707 1936 847 1994 quod,
882 1950 974 1978 cum
1001 1935 1304 1978 exantlavisset
1341 1949 1471 1977 omnes
1505 1936 1618 1977 labo-

401 2030 498 2067 res,
542 2025 629 2057 tum
675 2013 884 2057 incideret
929 2014 976 2054 in
1019 2013 1167 2053 mortis
1210 2011 1370 2053 malum
1406 2013 1623 2068 sempiter-

400 2106 501 2135 num
515 2090 575 2133 ⁹’:
607 2090 709 2134 ibid.
741 2088 851 2142 Cap.
878 2101 945 2141 49.

460 2169 574 2211 Haec
601 2177 663 2210 est
698 2178 861 2209 summa
893 2163 1228 2218 disputationis,
1259 2172 1463 2216 quatenus
1485 2164 1614 2217 perti·

402 2255 473 2288 net
508 2245 558 2286 ad
594 2243 841 2286 sententiam
871 2242 1006 2296 ipsius
1030 2240 1250 2283 Ciceronis
1286 2241 1335 2281 de
1365 2241 1613 2284 Animorum

405 2319 745 2362 Immortalitate.
805 2316 875 2359 Ne
909 2329 1009 2360 vero
1051 2316 1119 2358 cui
1158 2317 1403 2368 scrupulum
1429 2317 1618 2370 injiciat,

404 2393 522 2446 quod
547 2393 699 2434 Cicero
736 2392 910 2434 alterum
944 2391 1049 2433 illud
1077 2391 1326 2433 dilemmatis
1359 2394 1612 2447 disjunctum

403 2468 669 2512 vehementer
717 2478 872 2522 urget,
922 2479 962 2510 et
1009 2468 1174 2519 saepius
1225 2478 1398 2520 monet,
1440 2479 1615 2511 mortem

401 2555 491 2589 non
516 2556 606 2588 esse
631 2545 785 2588 malum
801 2547 956 2601 ,etiam
988 2545 1027 2588 si
1052 2556 1147 2587 cum
1174 2547 1452 2589 exstinctione
1476 2548 1614 2589 omni-s

1525 2634 1620 2665 zen·
