<?xml version="1.0" encoding="UTF-8"?>
<!DOCTYPE html PUBLIC "-//W3C//DTD XHTML 1.0 Transitional//EN"
    "http://www.w3.org/TR/xhtml1/DTD/xhtml1-transitional.dtd">
<html xmlns="http://www.w3.org/1999/xhtml" xml:lang="en" lang="en">
 <head>
  <title>
</title>
<meta http-equiv="Content-Type" content="text/html;charset=utf-8" />
  <meta name='ocr-system' content='tesseract 3.04.00' />
  <meta name='ocr-capabilities' content='ocr_page ocr_carea ocr_par ocr_line ocrx_word'/>
</head>
<body>
  <div class='ocr_page' id='page_1' title='image "./opusculavariiarg02wytt/opusculavariiarg02wytt_0126.png"; bbox 0 0 1693 3110; ppageno 0'>
   <div class='ocr_carea' id='block_1_1' title="bbox 230 140 1278 193">
    <p class='ocr_par' dir='ltr' id='par_1_1' title="bbox 230 140 1278 193">
     <span class='ocr_line' id='line_1_1' title="bbox 230 140 1278 193; baseline -0.004 -1"><span class='ocrx_word' id='word_1_1' title='bbox 230 158 316 193; x_wconf 74' lang='lat'><strong>110</strong></span> <span class='ocrx_word' id='word_1_2' title='bbox 406 141 865 192; x_wconf 83' lang='lat' dir='ltr'><strong>PROLEGOMENA</strong></span> <span class='ocrx_word' id='word_1_3' title='bbox 894 154 956 192; x_wconf 68' lang='lat' dir='ltr'><strong>nx</strong></span> <span class='ocrx_word' id='word_1_4' title='bbox 984 140 1278 188; x_wconf 73' lang='lat' dir='ltr'><strong>EDITtONE</strong></span> 
     </span>
    </p>
   </div>
   <div class='ocr_carea' id='block_1_2' title="bbox 229 263 1487 2604">
    <p class='ocr_par' dir='ltr' id='par_1_2' title="bbox 229 263 1479 1919">
     <span class='ocr_line' id='line_1_2' title="bbox 229 263 1448 319; baseline -0.005 -7"><span class='ocrx_word' id='word_1_5' title='bbox 229 271 393 314; x_wconf 87' lang='lat' dir='ltr'><strong>tardum</strong></span> <span class='ocrx_word' id='word_1_6' title='bbox 408 298 423 319; x_wconf 88' lang='lat'>‚</span> <span class='ocrx_word' id='word_1_7' title='bbox 454 280 503 308; x_wconf 81' lang='lat' dir='ltr'><strong>ex</strong></span> <span class='ocrx_word' id='word_1_8' title='bbox 523 265 659 307; x_wconf 81' lang='lat' dir='ltr'><strong>calore</strong></span> <span class='ocrx_word' id='word_1_9' title='bbox 680 264 835 310; x_wconf 54' lang='lat' dir='ltr'><strong>frigus.</strong></span> <span class='ocrx_word' id='word_1_10' title='bbox 893 263 1050 307; x_wconf 82' lang='lat' dir='ltr'><strong>Eadem</strong></span> <span class='ocrx_word' id='word_1_11' title='bbox 1072 266 1321 308; x_wconf 73' lang='lat' dir='ltr'><strong>necessitate</strong></span> <span class='ocrx_word' id='word_1_12' title='bbox 1342 279 1448 311; x_wconf 66' lang='lat' dir='ltr'><strong>con-⁷</strong></span> 
     </span>
     <span class='ocr_line' id='line_1_3' title="bbox 231 341 1446 403; baseline -0.006 -13"><span class='ocrx_word' id='word_1_13' title='bbox 231 349 401 403; x_wconf 84' lang='lat' dir='ltr'><strong>junctae</strong></span> <span class='ocrx_word' id='word_1_14' title='bbox 431 353 531 384; x_wconf 86' lang='lat' dir='ltr'><strong>sunt</strong></span> <span class='ocrx_word' id='word_1_15' title='bbox 565 351 653 383; x_wconf 73' lang='lat' dir='ltr'><strong>vrta</strong></span> <span class='ocrx_word' id='word_1_16' title='bbox 687 351 730 382; x_wconf 85' lang='lat' dir='ltr'><strong>et</strong></span> <span class='ocrx_word' id='word_1_17' title='bbox 765 352 904 382; x_wconf 83' lang='lat' dir='ltr'><strong>mors:</strong></span> <span class='ocrx_word' id='word_1_18' title='bbox 939 350 1096 392; x_wconf 75' lang='lat' dir='ltr'><strong>atque,</strong></span> <span class='ocrx_word' id='word_1_19' title='bbox 1129 350 1174 381; x_wconf 88' lang='lat' dir='ltr'><strong>ut</strong></span> <span class='ocrx_word' id='word_1_20' title='bbox 1199 353 1248 382; x_wconf 82' lang='lat' dir='ltr'><strong>ex</strong></span> <span class='ocrx_word' id='word_1_21' title='bbox 1274 341 1374 384; x_wconf 88' lang='lat' dir='ltr'>vivo</span> <span class='ocrx_word' id='word_1_22' title='bbox 1398 341 1446 384; x_wconf 83' lang='lat' dir='ltr'><strong>fit</strong></span> 
     </span>
     <span class='ocr_line' id='line_1_4' title="bbox 235 416 1447 470; baseline -0.005 -7"><span class='ocrx_word' id='word_1_23' title='bbox 235 430 431 464; x_wconf 85' lang='lat' dir='ltr'><strong>mortuus</strong></span> <span class='ocrx_word' id='word_1_24' title='bbox 449 448 464 468; x_wconf 84' lang='lat'>‚</span> <span class='ocrx_word' id='word_1_25' title='bbox 496 417 551 457; x_wconf 84' lang='lat' dir='ltr'><strong>ita</strong></span> <span class='ocrx_word' id='word_1_26' title='bbox 576 428 626 457; x_wconf 86' lang='lat' dir='ltr'><strong>ex</strong></span> <span class='ocrx_word' id='word_1_27' title='bbox 649 426 816 458; x_wconf 89' lang='lat' dir='ltr'><strong>mortuo</strong></span> <span class='ocrx_word' id='word_1_28' title='bbox 838 416 885 460; x_wconf 86' lang='lat' dir='ltr'><strong>fit</strong></span> <span class='ocrx_word' id='word_1_29' title='bbox 910 416 1050 458; x_wconf 89' lang='lat' dir='ltr'><strong>vivus.</strong></span> <span class='ocrx_word' id='word_1_30' title='bbox 1111 416 1209 457; x_wconf 71' lang='lat' dir='ltr'><strong>Nisi</strong></span> <span class='ocrx_word' id='word_1_31' title='bbox 1232 416 1341 458; x_wconf 89' lang='lat' dir='ltr'><strong>forte</strong></span> <span class='ocrx_word' id='word_1_32' title='bbox 1365 430 1447 470; x_wconf 84' lang='lat' dir='ltr'><strong>pu-</strong></span> 
     </span>
     <span class='ocr_line' id='line_1_5' title="bbox 235 490 1449 547; baseline -0.003 -9"><span class='ocrx_word' id='word_1_33' title='bbox 235 506 404 547; x_wconf 85' lang='lat' dir='ltr'><strong>temus,</strong></span> <span class='ocrx_word' id='word_1_34' title='bbox 437 494 512 535; x_wconf 88' lang='lat' dir='ltr'><strong>hac</strong></span> <span class='ocrx_word' id='word_1_35' title='bbox 549 495 633 535; x_wconf 67' lang='lat' dir='ltr'><strong>una</strong></span> <span class='ocrx_word' id='word_1_36' title='bbox 657 493 699 534; x_wconf 87' lang='lat' dir='ltr'><strong>in</strong></span> <span class='ocrx_word' id='word_1_37' title='bbox 729 501 845 545; x_wconf 86' lang='lat' dir='ltr'><strong>parte</strong></span> <span class='ocrx_word' id='word_1_38' title='bbox 876 503 1062 534; x_wconf 78' lang='lat' dir='ltr'><strong>naturam</strong></span> <span class='ocrx_word' id='word_1_39' title='bbox 1091 490 1291 544; x_wconf 82' lang='lat' dir='ltr'><strong>deficere,</strong></span> <span class='ocrx_word' id='word_1_40' title='bbox 1323 502 1364 534; x_wconf 91' lang='lat' dir='ltr'><strong>et</strong></span> <span class='ocrx_word' id='word_1_41' title='bbox 1397 505 1449 542; x_wconf 72' lang='lat' dir='ltr'><strong>ex</strong></span> 
     </span>
     <span class='ocr_line' id='line_1_6' title="bbox 237 569 1454 623; baseline -0.003 -8"><span class='ocrx_word' id='word_1_42' title='bbox 237 571 436 615; x_wconf 66' lang='lat' dir='ltr'><strong>omnibus</strong></span> <span class='ocrx_word' id='word_1_43' title='bbox 468 570 591 612; x_wconf 84' lang='lat' dir='ltr'><strong>rebus</strong></span> <span class='ocrx_word' id='word_1_44' title='bbox 611 570 715 611; x_wconf 84' lang='lat' dir='ltr'><strong>duas</strong></span> <span class='ocrx_word' id='word_1_45' title='bbox 741 569 790 610; x_wconf 91' lang='lat' dir='ltr'><strong>ab</strong></span> <span class='ocrx_word' id='word_1_46' title='bbox 814 570 944 622; x_wconf 85' lang='lat' dir='ltr'><strong>hujus</strong></span> <span class='ocrx_word' id='word_1_47' title='bbox 967 569 1072 623; x_wconf 84' lang='lat' dir='ltr'><strong>legis</strong></span> <span class='ocrx_word' id='word_1_48' title='bbox 1097 582 1140 610; x_wconf 69' lang='lat' dir='ltr'><strong>vr</strong></span> <span class='ocrx_word' id='word_1_49' title='bbox 1174 580 1354 611; x_wconf 81' lang='lat' dir='ltr'><strong>exemtas</strong></span> <span class='ocrx_word' id='word_1_50' title='bbox 1387 580 1454 611; x_wconf 78' lang='lat' dir='ltr'><strong>es·</strong></span> 
     </span>
     <span class='ocr_line' id='line_1_7' title="bbox 238 645 1456 701; baseline -0.003 -10"><span class='ocrx_word' id='word_1_51' title='bbox 238 663 309 701; x_wconf 78' lang='lat' dir='ltr'><strong>se,</strong></span> <span class='ocrx_word' id='word_1_52' title='bbox 339 649 466 689; x_wconf 83' lang='lat' dir='ltr'><strong>vitam</strong></span> <span class='ocrx_word' id='word_1_53' title='bbox 491 657 532 688; x_wconf 91' lang='lat' dir='ltr'><strong>et</strong></span> <span class='ocrx_word' id='word_1_54' title='bbox 552 656 744 688; x_wconf 77' lang='lat' dir='ltr'><strong>mortem.</strong></span> <span class='ocrx_word' id='word_1_55' title='bbox 804 645 934 700; x_wconf 81' lang='lat' dir='ltr'><strong>Quod</strong></span> <span class='ocrx_word' id='word_1_56' title='bbox 953 657 1244 699; x_wconf 80' lang='lat' dir='ltr'>argumentum</span> <span class='ocrx_word' id='word_1_57' title='bbox 1268 654 1312 687; x_wconf 91' lang='lat' dir='ltr'><strong>ut</strong></span> <span class='ocrx_word' id='word_1_58' title='bbox 1328 657 1456 687; x_wconf 86' lang='lat' dir='ltr'><strong>accu-</strong></span> 
     </span>
     <span class='ocr_line' id='line_1_8' title="bbox 243 721 1456 775; baseline -0.002 -10"><span class='ocrx_word' id='word_1_59' title='bbox 243 726 376 766; x_wconf 67' lang='lat' dir='ltr'><strong>ratius</strong></span> <span class='ocrx_word' id='word_1_60' title='bbox 411 723 532 764; x_wconf 83' lang='lat' dir='ltr'><strong>etiam</strong></span> <span class='ocrx_word' id='word_1_61' title='bbox 583 723 873 775; x_wconf 76' lang='lat' dir='ltr'><strong>perclpiatur,</strong></span> <span class='ocrx_word' id='word_1_62' title='bbox 920 721 1326 763; x_wconf 71' lang='lat' dir='ltr'><strong>animadvertendum</strong></span> <span class='ocrx_word' id='word_1_63' title='bbox 1362 730 1456 775; x_wconf 73' lang='lat' dir='ltr'><strong>est,</strong></span> 
     </span>
     <span class='ocr_line' id='line_1_9' title="bbox 244 796 1458 860; baseline -0.004 -16"><span class='ocrx_word' id='word_1_64' title='bbox 244 812 408 845; x_wconf 84' lang='lat' dir='ltr'><strong>omnem</strong></span> <span class='ocrx_word' id='word_1_65' title='bbox 429 798 701 840; x_wconf 86' lang='lat' dir='ltr'>mutationem</span> <span class='ocrx_word' id='word_1_66' title='bbox 720 797 875 860; x_wconf 70' lang='lat' dir='ltr'><strong>triplici</strong></span> <span class='ocrx_word' id='word_1_67' title='bbox 892 796 1101 838; x_wconf 79' lang='lat' dir='ltr'>contineri</span> <span class='ocrx_word' id='word_1_68' title='bbox 1119 807 1248 839; x_wconf 82' lang='lat' dir='ltr'><strong>statu.</strong></span> <span class='ocrx_word' id='word_1_69' title='bbox 1287 797 1458 840; x_wconf 84' lang='lat' dir='ltr'>Primus</span> 
     </span>
     <span class='ocr_line' id='line_1_10' title="bbox 245 873 1462 929; baseline -0.004 -8"><span class='ocrx_word' id='word_1_70' title='bbox 245 889 339 929; x_wconf 76' lang='lat' dir='ltr'><strong>est,</strong></span> <span class='ocrx_word' id='word_1_71' title='bbox 367 890 417 919; x_wconf 85' lang='lat' dir='ltr'><strong>ex</strong></span> <span class='ocrx_word' id='word_1_72' title='bbox 445 888 531 927; x_wconf 92' lang='lat' dir='ltr'><strong>quo</strong></span> <span class='ocrx_word' id='word_1_73' title='bbox 553 887 617 915; x_wconf 85' lang='lat' dir='ltr'><strong>res</strong></span> <span class='ocrx_word' id='word_1_74' title='bbox 643 882 800 915; x_wconf 86' lang='lat' dir='ltr'><strong>mutata</strong></span> <span class='ocrx_word' id='word_1_75' title='bbox 835 873 1037 915; x_wconf 71' lang='lat' dir='ltr'><strong>dxscedit:</strong></span> <span class='ocrx_word' id='word_1_76' title='bbox 1068 875 1307 925; x_wconf 84' lang='lat' dir='ltr'><strong>secundus,</strong></span> <span class='ocrx_word' id='word_1_77' title='bbox 1333 886 1462 927; x_wconf 87' lang='lat' dir='ltr'><strong>quem</strong></span> 
     </span>
     <span class='ocr_line' id='line_1_11' title="bbox 243 950 1462 1008; baseline -0.002 -12"><span class='ocrx_word' id='word_1_78' title='bbox 243 963 428 1008; x_wconf 84' lang='lat' dir='ltr'><strong>permeat</strong></span> <span class='ocrx_word' id='word_1_79' title='bbox 449 964 515 994; x_wconf 89' lang='lat' dir='ltr'><strong>res</strong></span> <span class='ocrx_word' id='word_1_80' title='bbox 541 960 725 1008; x_wconf 80' lang='lat' dir='ltr'><strong>mutata:</strong></span> <span class='ocrx_word' id='word_1_81' title='bbox 760 950 908 991; x_wconf 86' lang='lat' dir='ltr'><strong>tertius</strong></span> <span class='ocrx_word' id='word_1_82' title='bbox 925 979 940 1002; x_wconf 76' lang='lat'><strong>,</strong></span> <span class='ocrx_word' id='word_1_83' title='bbox 964 950 1015 991; x_wconf 85' lang='lat' dir='ltr'><strong>ad</strong></span> <span class='ocrx_word' id='word_1_84' title='bbox 1039 962 1160 1002; x_wconf 86' lang='lat' dir='ltr'><strong>quem</strong></span> <span class='ocrx_word' id='word_1_85' title='bbox 1186 951 1373 1003; x_wconf 88' lang='lat' dir='ltr'><strong>pervenit</strong></span> <span class='ocrx_word' id='word_1_86' title='bbox 1396 961 1462 993; x_wconf 86' lang='lat' dir='ltr'><strong>res</strong></span> 
     </span>
     <span class='ocr_line' id='line_1_12' title="bbox 245 1026 1464 1080; baseline -0.003 -6"><span class='ocrx_word' id='word_1_87' title='bbox 245 1040 422 1074; x_wconf 86' lang='lat' dir='ltr'><strong>mutata.</strong></span> <span class='ocrx_word' id='word_1_88' title='bbox 482 1028 656 1080; x_wconf 76' lang='lat' dir='ltr'><strong>Veluti,</strong></span> <span class='ocrx_word' id='word_1_89' title='bbox 687 1030 724 1069; x_wconf 88' lang='lat' dir='ltr'><strong>si</strong></span> <span class='ocrx_word' id='word_1_90' title='bbox 760 1027 858 1079; x_wconf 87' lang='lat' dir='ltr'><strong>quis</strong></span> <span class='ocrx_word' id='word_1_91' title='bbox 889 1027 1073 1078; x_wconf 76' lang='lat' dir='ltr'><strong>dormit‚</strong></span> <span class='ocrx_word' id='word_1_92' title='bbox 1104 1026 1140 1068; x_wconf 88' lang='lat' dir='ltr'><strong>is</strong></span> <span class='ocrx_word' id='word_1_93' title='bbox 1176 1039 1226 1069; x_wconf 84' lang='lat' dir='ltr'><strong>ex</strong></span> <span class='ocrx_word' id='word_1_94' title='bbox 1247 1027 1395 1079; x_wconf 62' lang='lat' dir='ltr'>vigilia</span> <span class='ocrx_word' id='word_1_95' title='bbox 1416 1028 1464 1070; x_wconf 84' lang='lat' dir='ltr'><strong>in</strong></span> 
     </span>
     <span class='ocr_line' id='line_1_13' title="bbox 245 1104 1460 1160; baseline -0.005 -9"><span class='ocrx_word' id='word_1_96' title='bbox 245 1119 441 1152; x_wconf 81' lang='lat' dir='ltr'><strong>somnum</strong></span> <span class='ocrx_word' id='word_1_97' title='bbox 467 1104 743 1146; x_wconf 75' lang='lat' dir='ltr'><strong>transitzduo</strong></span> <span class='ocrx_word' id='word_1_98' title='bbox 763 1114 862 1146; x_wconf 87' lang='lat' dir='ltr'><strong>sunt</strong></span> <span class='ocrx_word' id='word_1_99' title='bbox 889 1104 1232 1157; x_wconf 75' lang='lat' dir='ltr'><strong>statuszprimus</strong></span> <span class='ocrx_word' id='word_1_100' title='bbox 1252 1104 1460 1160; x_wconf 57' lang='lat' dir='ltr'><strong>vigiliae,</strong></span> 
     </span>
     <span class='ocr_line' id='line_1_14' title="bbox 250 1179 1466 1232; baseline -0.004 -6"><span class='ocrx_word' id='word_1_101' title='bbox 250 1185 404 1227; x_wconf 82' lang='lat' dir='ltr'><strong>tertius</strong></span> <span class='ocrx_word' id='word_1_102' title='bbox 428 1183 588 1224; x_wconf 79' lang='lat' dir='ltr'><strong>somni:</strong></span> <span class='ocrx_word' id='word_1_103' title='bbox 619 1180 727 1222; x_wconf 91' lang='lat' dir='ltr'><strong>inter</strong></span> <span class='ocrx_word' id='word_1_104' title='bbox 749 1179 830 1221; x_wconf 88' lang='lat' dir='ltr'><strong>hos</strong></span> <span class='ocrx_word' id='word_1_105' title='bbox 857 1179 1019 1220; x_wconf 87' lang='lat' dir='ltr'><strong>medius</strong></span> <span class='ocrx_word' id='word_1_106' title='bbox 1044 1179 1288 1232; x_wconf 85' lang='lat' dir='ltr'><strong>interjectus</strong></span> <span class='ocrx_word' id='word_1_107' title='bbox 1313 1188 1376 1220; x_wconf 91' lang='lat' dir='ltr'><strong>est</strong></span> <span class='ocrx_word' id='word_1_108' title='bbox 1398 1190 1466 1222; x_wconf 57' lang='lat' dir='ltr'><strong>se-</strong></span> 
     </span>
     <span class='ocr_line' id='line_1_15' title="bbox 248 1255 1467 1308; baseline -0.01 -3"><span class='ocrx_word' id='word_1_109' title='bbox 248 1262 417 1305; x_wconf 87' lang='lat' dir='ltr'><strong>cundus</strong></span> <span class='ocrx_word' id='word_1_110' title='bbox 441 1268 577 1301; x_wconf 87' lang='lat' dir='ltr'><strong>status</strong></span> <span class='ocrx_word' id='word_1_111' title='bbox 600 1267 639 1299; x_wconf 88' lang='lat' dir='ltr'><strong>et</strong></span> <span class='ocrx_word' id='word_1_112' title='bbox 666 1257 872 1299; x_wconf 84' lang='lat' dir='ltr'>transitus</span> <span class='ocrx_word' id='word_1_113' title='bbox 897 1256 921 1298; x_wconf 66' lang='grc' dir='ltr'>ὲ</span> <span class='ocrx_word' id='word_1_114' title='bbox 944 1256 1082 1308; x_wconf 86' lang='lat' dir='ltr'><strong>primo</strong></span> <span class='ocrx_word' id='word_1_115' title='bbox 1102 1256 1153 1296; x_wconf 86' lang='lat' dir='ltr'><strong>ad</strong></span> <span class='ocrx_word' id='word_1_116' title='bbox 1174 1255 1373 1306; x_wconf 81' lang='lat' dir='ltr'><strong>tertium,</strong></span> <span class='ocrx_word' id='word_1_117' title='bbox 1400 1255 1467 1298; x_wconf 73' lang='lat' dir='ltr'><strong>ni.</strong></span> 
     </span>
     <span class='ocr_line' id='line_1_16' title="bbox 248 1332 1464 1385; baseline -0.003 -5"><span class='ocrx_word' id='word_1_118' title='bbox 248 1339 403 1380; x_wconf 84' lang='lat' dir='ltr'><strong>mirum</strong></span> <span class='ocrx_word' id='word_1_119' title='bbox 437 1335 754 1377; x_wconf 76' lang='lat' dir='ltr'><em>obdormiscere.</em></span> <span class='ocrx_word' id='word_1_120' title='bbox 813 1332 876 1374; x_wconf 89' lang='lat' dir='ltr'><strong>Ita</strong></span> <span class='ocrx_word' id='word_1_121' title='bbox 901 1332 937 1373; x_wconf 89' lang='lat' dir='ltr'><strong>si</strong></span> <span class='ocrx_word' id='word_1_122' title='bbox 968 1332 1068 1385; x_wconf 92' lang='lat' dir='ltr'><strong>quis</strong></span> <span class='ocrx_word' id='word_1_123' title='bbox 1100 1332 1123 1373; x_wconf 71' lang='grc' dir='ltr'>ὲ</span> <span class='ocrx_word' id='word_1_124' title='bbox 1146 1344 1299 1374; x_wconf 86' lang='lat' dir='ltr'><strong>somno</strong></span> <span class='ocrx_word' id='word_1_125' title='bbox 1323 1332 1374 1373; x_wconf 84' lang='lat' dir='ltr'><strong>ad</strong></span> <span class='ocrx_word' id='word_1_126' title='bbox 1397 1333 1464 1377; x_wconf 58' lang='lat' dir='ltr'><strong>vi-</strong></span> 
     </span>
     <span class='ocr_line' id='line_1_17' title="bbox 254 1409 1466 1468; baseline -0.004 -13"><span class='ocrx_word' id='word_1_127' title='bbox 254 1414 394 1468; x_wconf 76' lang='lat' dir='ltr'><strong>giliam</strong></span> <span class='ocrx_word' id='word_1_128' title='bbox 417 1411 523 1452; x_wconf 86' lang='lat' dir='ltr'><strong>redit</strong></span> <span class='ocrx_word' id='word_1_129' title='bbox 538 1441 553 1462; x_wconf 84' lang='lat'><strong>,</strong></span> <span class='ocrx_word' id='word_1_130' title='bbox 583 1410 619 1451; x_wconf 88' lang='lat' dir='ltr'><strong>is</strong></span> <span class='ocrx_word' id='word_1_131' title='bbox 640 1409 901 1463; x_wconf 80' lang='lat' dir='ltr'><strong>interjectum</strong></span> <span class='ocrx_word' id='word_1_132' title='bbox 930 1416 1109 1461; x_wconf 84' lang='lat' dir='ltr'><strong>permeat</strong></span> <span class='ocrx_word' id='word_1_133' title='bbox 1129 1416 1285 1449; x_wconf 85' lang='lat' dir='ltr'><strong>statum</strong></span> <span class='ocrx_word' id='word_1_134' title='bbox 1301 1440 1315 1460; x_wconf 85' lang='lat'><strong>‚</strong></span> <span class='ocrx_word' id='word_1_135' title='bbox 1339 1420 1466 1461; x_wconf 89' lang='lat' dir='ltr'><strong>quem</strong></span> 
     </span>
     <span class='ocr_line' id='line_1_18' title="bbox 251 1484 1471 1543; baseline -0.011 -9"><span class='ocrx_word' id='word_1_136' title='bbox 251 1501 459 1533; x_wconf 83' lang='lat' dir='ltr'><strong>vocamus</strong></span> <span class='ocrx_word' id='word_1_137' title='bbox 490 1488 741 1543; x_wconf 76' lang='lat' dir='ltr'><em>expergisci.</em></span> <span class='ocrx_word' id='word_1_138' title='bbox 803 1485 971 1540; x_wconf 80' lang='lat' dir='ltr'>Quare,</span> <span class='ocrx_word' id='word_1_139' title='bbox 1004 1493 1051 1524; x_wconf 91' lang='lat' dir='ltr'><strong>ut</strong></span> <span class='ocrx_word' id='word_1_140' title='bbox 1084 1484 1181 1535; x_wconf 78' lang='lat' dir='ltr'><strong>quis</strong></span> <span class='ocrx_word' id='word_1_141' title='bbox 1217 1485 1356 1537; x_wconf 82' lang='lat' dir='ltr'><strong>vivat,</strong></span> <span class='ocrx_word' id='word_1_142' title='bbox 1399 1498 1471 1527; x_wconf 88' lang='lat' dir='ltr'><strong>ne.</strong></span> 
     </span>
     <span class='ocr_line' id='line_1_19' title="bbox 253 1570 1479 1615; baseline -0.003 -5"><span class='ocrx_word' id='word_1_143' title='bbox 253 1579 375 1610; x_wconf 85' lang='lat' dir='ltr'><strong>cesse</strong></span> <span class='ocrx_word' id='word_1_144' title='bbox 399 1574 463 1607; x_wconf 75' lang='lat' dir='ltr'><strong>cst</strong></span> <span class='ocrx_word' id='word_1_145' title='bbox 488 1577 580 1605; x_wconf 89' lang='lat' dir='ltr'><strong>eum</strong></span> <span class='ocrx_word' id='word_1_146' title='bbox 606 1572 783 1615; x_wconf 86' lang='lat' dir='ltr'><strong>permeet</strong></span> <span class='ocrx_word' id='word_1_147' title='bbox 808 1570 964 1604; x_wconf 85' lang='lat' dir='ltr'><strong>statum</strong></span> <span class='ocrx_word' id='word_1_148' title='bbox 981 1591 995 1612; x_wconf 83' lang='lat'><strong>,</strong></span> <span class='ocrx_word' id='word_1_149' title='bbox 1028 1572 1148 1612; x_wconf 89' lang='lat' dir='ltr'><strong>quem</strong></span> <span class='ocrx_word' id='word_1_150' title='bbox 1174 1573 1377 1604; x_wconf 86' lang='lat' dir='ltr'><strong>vocamus</strong></span> <span class='ocrx_word' id='word_1_151' title='bbox 1395 1576 1479 1606; x_wconf 49' lang='lat' dir='ltr'><em>na·-</em></span> 
     </span>
     <span class='ocr_line' id='line_1_20' title="bbox 255 1638 1473 1693; baseline -0.011 -5"><span class='ocrx_word' id='word_1_152' title='bbox 255 1648 346 1688; x_wconf 83' lang='lat' dir='ltr'><strong>sci:</strong></span> <span class='ocrx_word' id='word_1_153' title='bbox 375 1653 415 1685; x_wconf 87' lang='lat' dir='ltr'><strong>et</strong></span> <span class='ocrx_word' id='word_1_154' title='bbox 442 1653 487 1684; x_wconf 87' lang='lat' dir='ltr'><strong>ut</strong></span> <span class='ocrx_word' id='word_1_155' title='bbox 515 1642 609 1693; x_wconf 88' lang='lat' dir='ltr'><strong>quis</strong></span> <span class='ocrx_word' id='word_1_156' title='bbox 634 1648 829 1681; x_wconf 89' lang='lat' dir='ltr'><strong>mortuus</strong></span> <span class='ocrx_word' id='word_1_157' title='bbox 855 1638 939 1689; x_wconf 78' lang='lat' dir='ltr'><strong>sit,</strong></span> <span class='ocrx_word' id='word_1_158' title='bbox 971 1649 1141 1678; x_wconf 85' lang='lat' dir='ltr'><strong>necesse</strong></span> <span class='ocrx_word' id='word_1_159' title='bbox 1173 1647 1236 1678; x_wconf 89' lang='lat' dir='ltr'><strong>est</strong></span> <span class='ocrx_word' id='word_1_160' title='bbox 1262 1649 1353 1679; x_wconf 90' lang='lat' dir='ltr'><strong>eum</strong></span> <span class='ocrx_word' id='word_1_161' title='bbox 1379 1650 1473 1690; x_wconf 80' lang='lat' dir='ltr'><strong>per.</strong></span> 
     </span>
     <span class='ocr_line' id='line_1_21' title="bbox 255 1712 1474 1768; baseline -0.005 -5"><span class='ocrx_word' id='word_1_162' title='bbox 255 1731 361 1764; x_wconf 84' lang='lat' dir='ltr'><strong>meet</strong></span> <span class='ocrx_word' id='word_1_163' title='bbox 381 1728 536 1760; x_wconf 86' lang='lat' dir='ltr'><strong>statum</strong></span> <span class='ocrx_word' id='word_1_164' title='bbox 552 1746 566 1768; x_wconf 87' lang='lat'>,</span> <span class='ocrx_word' id='word_1_165' title='bbox 597 1726 722 1767; x_wconf 89' lang='lat' dir='ltr'><strong>quem</strong></span> <span class='ocrx_word' id='word_1_166' title='bbox 741 1725 945 1755; x_wconf 86' lang='lat' dir='ltr'><strong>vocamus</strong></span> <span class='ocrx_word' id='word_1_167' title='bbox 962 1714 1088 1754; x_wconf 83' lang='lat' dir='ltr'><em>mori.</em></span> <span class='ocrx_word' id='word_1_168' title='bbox 1149 1712 1266 1764; x_wconf 80' lang='lat' dir='ltr'><strong>Ergo</strong></span> <span class='ocrx_word' id='word_1_169' title='bbox 1285 1713 1474 1757; x_wconf 55' lang='lat' dir='ltr'><strong>moriuns</strong></span> 
     </span>
     <span class='ocr_line' id='line_1_22' title="bbox 256 1790 1476 1845; baseline -0.007 -5"><span class='ocrx_word' id='word_1_170' title='bbox 256 1799 311 1840; x_wconf 89' lang='lat' dir='ltr'><strong>do</strong></span> <span class='ocrx_word' id='word_1_171' title='bbox 336 1807 423 1838; x_wconf 86' lang='lat' dir='ltr'><strong>non</strong></span> <span class='ocrx_word' id='word_1_172' title='bbox 446 1791 737 1845; x_wconf 81' lang='lat' dir='ltr'><strong>exstinguitur</strong></span> <span class='ocrx_word' id='word_1_173' title='bbox 760 1790 972 1841; x_wconf 78' lang='lat' dir='ltr'><strong>Animus,</strong></span> <span class='ocrx_word' id='word_1_174' title='bbox 1005 1790 1077 1841; x_wconf 83' lang='lat' dir='ltr'><strong>sed</strong></span> <span class='ocrx_word' id='word_1_175' title='bbox 1108 1790 1151 1833; x_wconf 85' lang='lat' dir='ltr'><strong>in</strong></span> <span class='ocrx_word' id='word_1_176' title='bbox 1173 1791 1300 1839; x_wconf 82' lang='lat' dir='ltr'><strong>alium</strong></span> <span class='ocrx_word' id='word_1_177' title='bbox 1325 1792 1476 1837; x_wconf 83' lang='lat' dir='ltr'>transit</span> 
     </span>
     <span class='ocr_line' id='line_1_23' title="bbox 252 1870 463 1919; baseline -0.033 0"><span class='ocrx_word' id='word_1_178' title='bbox 252 1870 463 1919; x_wconf 85' lang='lat' dir='ltr'><strong>statum.&#39;’</strong></span> 
     </span>
    </p>

    <p class='ocr_par' dir='ltr' id='par_1_3' title="bbox 261 1947 1485 2226">
     <span class='ocr_line' id='line_1_24' title="bbox 315 1947 1479 2005; baseline -0.009 -11"><span class='ocrx_word' id='word_1_179' title='bbox 315 1953 421 2005; x_wconf 81' lang='lat' dir='ltr'><strong>Arg.</strong></span> <span class='ocrx_word' id='word_1_180' title='bbox 447 1948 528 1992; x_wconf 84' lang='lat' dir='ltr'><strong>III.</strong></span> <span class='ocrx_word' id='word_1_181' title='bbox 561 1949 665 2003; x_wconf 84' lang='lat' dir='ltr'><strong>(ed.</strong></span> <span class='ocrx_word' id='word_1_182' title='bbox 696 1956 832 1990; x_wconf 84' lang='lat' dir='ltr'><strong>nostr.</strong></span> <span class='ocrx_word' id='word_1_183' title='bbox 866 1948 908 2000; x_wconf 61' lang='grc' dir='ltr'><strong>ἕ.</strong></span> <span class='ocrx_word' id='word_1_184' title='bbox 943 1948 1004 1998; x_wconf 83' lang='grc' dir='ltr'><strong>ιθ,</strong></span> <span class='ocrx_word' id='word_1_185' title='bbox 1050 1959 1097 1999; x_wconf 90' lang='lat' dir='ltr'><strong>p.</strong></span> <span class='ocrx_word' id='word_1_186' title='bbox 1129 1947 1212 1999; x_wconf 79' lang='lat'><strong>26,</strong></span> <span class='ocrx_word' id='word_1_187' title='bbox 1245 1959 1325 2001; x_wconf 75' lang='lat'><strong>27²</strong></span> <span class='ocrx_word' id='word_1_188' title='bbox 1358 1947 1479 2002; x_wconf 81' lang='lat' dir='ltr'><strong>Lug.</strong></span> 
     </span>
     <span class='ocr_line' id='line_1_25' title="bbox 261 2023 1482 2080; baseline 0.002 -15"><span class='ocrx_word' id='word_1_189' title='bbox 261 2031 366 2072; x_wconf 79' lang='lat' dir='ltr'><strong>dun,</strong></span> <span class='ocrx_word' id='word_1_190' title='bbox 397 2041 441 2080; x_wconf 82' lang='lat' dir='ltr'><strong>p.</strong></span> <span class='ocrx_word' id='word_1_191' title='bbox 469 2029 574 2080; x_wconf 74' lang='lat'><strong>382,</strong></span> <span class='ocrx_word' id='word_1_192' title='bbox 601 2028 631 2066; x_wconf 71' lang='grc' dir='ltr'><strong>,Α</strong></span> <span class='ocrx_word' id='word_1_193' title='bbox 661 2050 718 2056; x_wconf 91' lang='lat'><strong>-—</strong></span> <span class='ocrx_word' id='word_1_194' title='bbox 741 2025 836 2079; x_wconf 81' lang='lat' dir='ltr'><strong>C.)</strong></span> <span class='ocrx_word' id='word_1_195' title='bbox 871 2054 897 2075; x_wconf 77' lang='lat'>„</span> <span class='ocrx_word' id='word_1_196' title='bbox 920 2023 1050 2065; x_wconf 90' lang='lat' dir='ltr'><strong>Porro</strong></span> <span class='ocrx_word' id='word_1_197' title='bbox 1076 2023 1112 2065; x_wconf 90' lang='lat' dir='ltr'><strong>si</strong></span> <span class='ocrx_word' id='word_1_198' title='bbox 1134 2023 1342 2077; x_wconf 84' lang='lat' dir='ltr'><strong>generatio</strong></span> <span class='ocrx_word' id='word_1_199' title='bbox 1355 2023 1482 2067; x_wconf 85' lang='lat' dir='ltr'><strong>habe-</strong></span> 
     </span>
     <span class='ocr_line' id='line_1_26' title="bbox 262 2099 1479 2152; baseline -0.005 -4"><span class='ocrx_word' id='word_1_200' title='bbox 262 2116 322 2148; x_wconf 85' lang='lat' dir='ltr'><strong>rct</strong></span> <span class='ocrx_word' id='word_1_201' title='bbox 346 2105 451 2145; x_wconf 84' lang='lat' dir='ltr'>viam</span> <span class='ocrx_word' id='word_1_202' title='bbox 476 2103 672 2143; x_wconf 75' lang='lat' dir='ltr'><strong>directam</strong></span> <span class='ocrx_word' id='word_1_203' title='bbox 689 2132 703 2152; x_wconf 80' lang='lat'>‚</span> <span class='ocrx_word' id='word_1_204' title='bbox 726 2113 811 2142; x_wconf 84' lang='lat' dir='ltr'><strong>non</strong></span> <span class='ocrx_word' id='word_1_205' title='bbox 835 2100 875 2142; x_wconf 81' lang='lat' dir='ltr'><strong>in</strong></span> <span class='ocrx_word' id='word_1_206' title='bbox 899 2100 1037 2142; x_wconf 83' lang='lat' dir='ltr'><strong>orbem</strong></span> <span class='ocrx_word' id='word_1_207' title='bbox 1054 2129 1069 2151; x_wconf 75' lang='lat'>,</span> <span class='ocrx_word' id='word_1_208' title='bbox 1100 2099 1142 2140; x_wconf 84' lang='lat' dir='ltr'><strong>id</strong></span> <span class='ocrx_word' id='word_1_209' title='bbox 1161 2109 1253 2150; x_wconf 74' lang='lat' dir='ltr'><strong>est,</strong></span> <span class='ocrx_word' id='word_1_210' title='bbox 1275 2099 1310 2141; x_wconf 89' lang='lat' dir='ltr'><strong>si</strong></span> <span class='ocrx_word' id='word_1_211' title='bbox 1333 2112 1479 2142; x_wconf 88' lang='lat' dir='ltr'><strong>omnes</strong></span> 
     </span>
     <span class='ocr_line' id='line_1_27' title="bbox 261 2174 1485 2226; baseline -0.007 -1"><span class='ocrx_word' id='word_1_212' title='bbox 261 2181 349 2225; x_wconf 82' lang='lat' dir='ltr'>vivi</span> <span class='ocrx_word' id='word_1_213' title='bbox 376 2180 583 2222; x_wconf 84' lang='lat' dir='ltr'><strong>continuo</strong></span> <span class='ocrx_word' id='word_1_214' title='bbox 609 2178 650 2218; x_wconf 90' lang='lat' dir='ltr'><strong>in</strong></span> <span class='ocrx_word' id='word_1_215' title='bbox 677 2186 849 2218; x_wconf 81' lang='lat' dir='ltr'><strong>mortem</strong></span> <span class='ocrx_word' id='word_1_216' title='bbox 873 2174 1064 2224; x_wconf 85' lang='lat' dir='ltr'><strong>abirent,</strong></span> <span class='ocrx_word' id='word_1_217' title='bbox 1097 2186 1234 2226; x_wconf 88' lang='lat' dir='ltr'><strong>neque</strong></span> <span class='ocrx_word' id='word_1_218' title='bbox 1257 2174 1367 2216; x_wconf 87' lang='lat' dir='ltr'><strong>flexu</strong></span> <span class='ocrx_word' id='word_1_219' title='bbox 1392 2176 1485 2216; x_wconf 76' lang='lat' dir='ltr'><strong>viae</strong></span> 
     </span>
    </p>

    <p class='ocr_par' dir='ltr' id='par_1_4' title="bbox 241 2250 1487 2551">
     <span class='ocr_line' id='line_1_28' title="bbox 241 2250 1485 2304; baseline -0.007 -3"><span class='ocrx_word' id='word_1_220' title='bbox 241 2267 313 2304; x_wconf 79' lang='lat' dir='ltr'><strong>&#39;ex</strong></span> <span class='ocrx_word' id='word_1_221' title='bbox 340 2267 476 2299; x_wconf 77' lang='lat' dir='ltr'><strong>morte</strong></span> <span class='ocrx_word' id='word_1_222' title='bbox 511 2256 553 2297; x_wconf 85' lang='lat' dir='ltr'><strong>in</strong></span> <span class='ocrx_word' id='word_1_223' title='bbox 577 2256 705 2296; x_wconf 83' lang='lat' dir='ltr'><strong>vitam</strong></span> <span class='ocrx_word' id='word_1_224' title='bbox 741 2254 946 2304; x_wconf 69' lang='lat' dir='ltr'><strong>redirent3</strong></span> <span class='ocrx_word' id='word_1_225' title='bbox 980 2260 1068 2294; x_wconf 89' lang='lat' dir='ltr'><strong>tota</strong></span> <span class='ocrx_word' id='word_1_226' title='bbox 1103 2250 1302 2303; x_wconf 74' lang='lat' dir='ltr'><strong>paulatim</strong></span> <span class='ocrx_word' id='word_1_227' title='bbox 1335 2260 1485 2293; x_wconf 85' lang='lat' dir='ltr'><strong>natura</strong></span> 
     </span>
     <span class='ocr_line' id='line_1_29' title="bbox 266 2337 1487 2383; baseline -0.012 -2"><span class='ocrx_word' id='word_1_228' title='bbox 266 2337 493 2382; x_wconf 79' lang='lat' dir='ltr'><strong>moriundo</strong></span> <span class='ocrx_word' id='word_1_229' title='bbox 516 2341 859 2383; x_wconf 81' lang='lat' dir='ltr'><strong>consumeretur,</strong></span> <span class='ocrx_word' id='word_1_230' title='bbox 891 2340 929 2372; x_wconf 87' lang='lat' dir='ltr'><strong>et</strong></span> <span class='ocrx_word' id='word_1_231' title='bbox 952 2341 1104 2371; x_wconf 86' lang='lat' dir='ltr'><strong>somno</strong></span> <span class='ocrx_word' id='word_1_232' title='bbox 1126 2338 1385 2380; x_wconf 84' lang='lat' dir='ltr'><strong>veternoque</strong></span> <span class='ocrx_word' id='word_1_233' title='bbox 1408 2341 1487 2381; x_wconf 85' lang='lat' dir='ltr'><strong>op.</strong></span> 
     </span>
     <span class='ocr_line' id='line_1_30' title="bbox 265 2402 1483 2470; baseline -0.011 -13"><span class='ocrx_word' id='word_1_234' title='bbox 265 2416 513 2470; x_wconf 68' lang='lat' dir='ltr'><strong>primu-etur</strong></span> <span class='ocrx_word' id='word_1_235' title='bbox 546 2410 680 2450; x_wconf 81' lang='lat' dir='ltr'><strong>multo</strong></span> <span class='ocrx_word' id='word_1_236' title='bbox 708 2410 897 2462; x_wconf 84' lang='lat' dir='ltr'><strong>graviore</strong></span> <span class='ocrx_word' id='word_1_237' title='bbox 921 2418 1043 2459; x_wconf 87' lang='lat' dir='ltr'><strong>quam</strong></span> <span class='ocrx_word' id='word_1_238' title='bbox 1066 2405 1136 2446; x_wconf 87' lang='lat' dir='ltr'><strong>ille</strong></span> <span class='ocrx_word' id='word_1_239' title='bbox 1162 2404 1204 2446; x_wconf 86' lang='lat' dir='ltr'><strong>in</strong></span> <span class='ocrx_word' id='word_1_240' title='bbox 1229 2403 1374 2445; x_wconf 74' lang='lat' dir='ltr'><strong>fabula</strong></span> <span class='ocrx_word' id='word_1_241' title='bbox 1395 2402 1483 2445; x_wconf 90' lang='lat' dir='ltr'><strong>En·</strong></span> 
     </span>
     <span class='ocr_line' id='line_1_31' title="bbox 264 2482 1485 2551; baseline -0.016 -15"><span class='ocrx_word' id='word_1_242' title='bbox 264 2491 457 2551; x_wconf 80' lang='lat' dir='ltr'><strong>dymion.</strong></span> <span class='ocrx_word' id='word_1_243' title='bbox 526 2487 587 2529; x_wconf 89' lang='lat' dir='ltr'><strong>At</strong></span> <span class='ocrx_word' id='word_1_244' title='bbox 618 2497 718 2528; x_wconf 89' lang='lat' dir='ltr'><strong>vero</strong></span> <span class='ocrx_word' id='word_1_245' title='bbox 751 2495 898 2529; x_wconf 86' lang='lat' dir='ltr'><strong>natura</strong></span> <span class='ocrx_word' id='word_1_246' title='bbox 934 2482 1005 2527; x_wconf 84' lang='lat' dir='ltr'><strong>sui</strong></span> <span class='ocrx_word' id='word_1_247' title='bbox 1041 2482 1136 2536; x_wconf 85' lang='lat' dir='ltr'><strong>ipsa</strong></span> <span class='ocrx_word' id='word_1_248' title='bbox 1157 2489 1232 2524; x_wconf 79' lang='lat' dir='ltr'><strong>¹est</strong></span> <span class='ocrx_word' id='word_1_249' title='bbox 1262 2489 1485 2525; x_wconf 87' lang='lat' dir='ltr'><strong>conserva·-</strong></span> 
     </span>
    </p>

    <p class='ocr_par' dir='ltr' id='par_1_5' title="bbox 1379 2563 1479 2604">
     <span class='ocr_line' id='line_1_32' title="bbox 1379 2563 1479 2604; baseline 0.04 -8"><span class='ocrx_word' id='word_1_250' title='bbox 1379 2563 1479 2604; x_wconf 58' lang='lat' dir='ltr'><strong>115qu</strong></span> 
     </span>
    </p>
   </div>
  </div>
 </body>
</html>
