1693 3110
261 197 345 242 μα
644 182 1193 230 ΜΕΜΟῙΗΑ-4

262 316 426 358 tamen,
456 316 507 348 ne
525 304 773 347 Academica
808 306 946 348 studia
976 310 1162 353 nondum
1193 310 1365 358 decursa
1389 310 1468 358 abe

187 432 191 435 Δ
261 393 450 434 rumpere
481 389 726 434 cogeretur,
756 393 983 435 recusa1153
1019 386 1170 428 interea
1205 390 1349 433 morbo
1370 404 1465 443 cora

265 456 445 511 ripitur,
476 457 708 509 subitoque
746 457 866 509 quasi
898 456 1088 503 fulminis
1128 462 1215 505 ictu
1239 465 1364 508 nobis
1387 467 1463 509 eri⁴

256 530 398 586 pitur!

301 606 627 667 'Epaminondas
674 607 786 650 bello
833 607 1061 653 Leuctrico
1109 612 1282 657 audiens
1325 615 1465 661 virum

263 690 482 725 strenuum
510 691 550 723 et
573 683 830 726 laboriosum
861 687 1008 729 morbo
1030 689 1230 741 periisse,
1257 690 1382 735 Heu!
1405 691 1470 734 in-

258 758 381 812 quit,
430 759 628 816 quomodo
663 761 747 803 tali
784 764 877 805 viro
911 772 1140 818 aegrotare
1165 770 1374 819 vacavit?
1411 766 1472 809 Εἰ

254 834 337 876 hoc
363 836 488 877 nobis
522 837 571 878 de
604 836 898 880 Wassenaerio
935 840 1068 882 dicere
1100 840 1223 892 licet9
1255 851 1295 883 et
1328 842 1464 884 multo

254 915 374 956 etiam
401 914 532 968 magis
555 915 688 967 illud,
721 916 948 973 Quomodo
972 928 1053 959 tatn
1094 930 1327 971 occupatus
1351 918 1467 961 ordi·

256 994 387 1037 nariis
404 995 570 1047 <studiis
592 997 836 1040 adolescens
859 1007 938 1038 tam
965 998 1092 1039 multa
1115 995 1464 1048 extraordinaria,

257 1082 384 1125 atque
419 1075 520 1117 adeo
561 1083 627 1116 tot
662 1083 866 1127 tantaque
903 1074 926 1116 ὲ
963 1074 1116 1116 studiis
1147 1073 1276 1115 aliena
1302 1071 1470 1125 negotia

245 1155 454 1200 tractare,
486 1149 707 1200 quomodo
745 1150 929 1202 denique
966 1149 1133 1191 triennii
1161 1149 1298 1201 spatio
1322 1147 1366 1189 in
1390 1146 1467 1189 Li·

256 1225 356 1267 teris
393 1237 439 1267 ac
474 1224 713 1279 disciplinis
750 1236 892 1268 tantos
941 1236 1190 1279 progressus
1220 1223 1354 1266 facere
1389 1234 1467 1275 po·

258 1301 377 1343 tuit?
410 1301 571 1355 Operae
587 1302 767 1355 pretium
796 1311 859 1344 est
889 1313 1022 1354 pauca
1048 1300 1328 1354 respondere,
1360 1309 1466 1352 quae

257 1378 307 1420 ad
332 1377 423 1419 Vos
451 1379 684 1420 monendos
710 1378 963 1430 pertineant.

312 1454 488 1511 Quum,
519 1454 635 1507 quod
662 1464 789 1507 supra
825 1454 1040 1505 diximus,
1073 1452 1123 1496 ad
1161 1451 1467 1506 proficiendum

261 1533 439 1575 discenti
475 1532 554 1574 tria
591 1534 737 1575 adesse
770 1532 970 1584 debeant,
1014 1541 1190 1579 natura,
1226 1531 1469 1580 institutio,

258 1609 529 1661 exercitatiog,
574 1620 696 1661 saepe
736 1608 815 1659 fit,
847 1618 895 1650 ut
929 1609 971 1650 in
1007 1608 1103 1660 his,
1140 1608 1334 1659 quamvis
1361 1607 1471 1659 pari-

260 1686 375 1737 bus,
418 1685 607 1737 dispares
640 1685 742 1726 fiant
781 1683 1029 1737 profectus3
1070 1693 1110 1724 et
1145 1683 1284 1734 plures
1310 1681 1475 1723 discen·

236 1767 354 1811 tes,
386 1761 429 1801 in
457 1758 615 1812 quibus
647 1758 725 1801 tria
758 1756 827 1800 illa
857 1758 1045 1810 aequalia
1068 1757 1186 1808 sint,
1218 1769 1303 1799 non
1326 1768 1475 1809 aequa·
1534 1808 1538 1811 v

254 1834 351 1877 liter
385 1834 628 1887 proficiant.
700 1833 871 1875 Scilicet
909 1843 1032 1875 omne
1067 1841 1323 1876 momentum
1357 1829 1476 1884 posi·

236 1918 345 1953 vtum
367 1922 430 1954 est
455 1912 498 1953 in
523 1910 839 1953 exercitationis
870 1910 1011 1951 labore
1036 1919 1142 1951 recte
1171 1906 1466 1962 gubernantum

258 1989 467 2042 siquidem
497 1989 608 2032 alius
645 1988 780 2030 multo
814 1986 953 2028 labore
989 1998 1165 2040 parum,
1197 1983 1302 2026 alius
1342 1994 1474 2035 parvo

257 2067 438 2108 multum
464 2065 621 2107 efficere
648 2073 807 2118 potest.
867 2062 1087 2115 Sequenda
1110 2070 1173 2102 est
1201 2069 1311 2101 certa
1335 2057 1401 2099 via
1427 2067 1469 2099 et

253 2144 393 2195 ratio,
425 2153 531 2195 quae
562 2145 584 2185 ἐι
621 2139 842 2197 principiis
875 2148 914 2180 et
954 2138 1153 2180 facilibus
1183 2148 1276 2178 orsa
1305 2134 1465 2176 aditum

235 2225 311 2265 'ad
334 2223 565 2265 difficiliora
590 2221 814 2275 patefacit:
847 2226 923 2262 nec
948 2218 1030 2260 ulla
1069 2229 1165 2270 pars
1190 2214 1375 2257 nondum
1404 2222 1472 2255 sa-

257 2300 313 2341 tis
336 2308 551 2353 perspecta
584 2299 676 2341 sine
712 2295 1068 2339 animadversione
1095 2290 1463 2345 praetermittatur.

259 2373 434 2427 Veluti,
466 2386 512 2417 ut
533 2377 614 2417 hoc
640 2383 731 2417 utar
758 2373 976 2425 exemplo,
1009 2371 1049 2411 in
1082 2369 1259 2411 Graecis
1283 2376 1323 2408 et
1350 2365 1470 2407 Lati«

258 2451 355 2503 nis,
398 2451 600 2502 verbum,
644 2463 796 2493 nomen
825 2479 840 2499 ‚
884 2447 1085 2499 particula
1110 2476 1124 2497 ‚
1171 2443 1468 2490 constructio,

259 2541 310 2572 ue
332 2528 684 2581 praetermittatur
709 2526 812 2581 quin
839 2526 930 2581 eius
955 2524 1156 2569 rationem
1190 2531 1230 2564 et
1256 2531 1376 2563 usum
1408 2518 1472 2558 ‘m-

1401 2592 1472 2632 da«
