1693 3110
280 168 362 231 554
647 145 1135 213 EptsroL'A

280 295 457 338 ctrinam
491 293 558 332 vel
582 287 770 330 colentes
795 288 866 347 vei
898 297 1007 330 certe
1030 287 1284 330 honorantes
1306 319 1322 340 ‚
1353 290 1501 334 admo.

286 382 431 415 nentes
458 367 556 408 illos
579 363 819 416 superbos,
849 377 900 406 ne
924 364 1099 407 nimium
1128 362 1385 407 confiderent
1409 365 1502 410 for·

224 479 229 483 .
286 457 413 489 tunae
435 441 686 484 rudentibus
714 450 861 493 aptae,
893 452 1016 492 quam
1044 439 1186 482 subita
1210 439 1309 482 beili
1343 452 1500 495 tempe-

285 533 374 566 stas
399 528 581 562 sternere
617 527 657 559 et
691 517 866 569 affligere
898 526 1061 568 posset.
1123 515 1270 568 ltaque
1291 528 1388 559 mox
1409 529 1503 559 eve-

281 600 363 644 nit.
404 596 514 639 Boni
538 595 618 636 viri
640 606 684 634 ac
710 592 825 634 docti
849 594 1044 634 stabant:
1079 591 1250 645 superbi
1273 593 1498 646 cadebant,

281 678 453 733 jamque
487 671 722 722 malebant,
753 669 954 711 mediocri
977 667 1146 710 fortuna
1180 670 1400 721 contenti,
1430 669 1506 711 do-

286 753 444 795 ctrinae
469 747 703 790 studuisse.
761 745 936 787 Biennio
961 755 1106 797 postea
1132 758 1212 798 pax
1237 747 1500 792 restituitur:

283 829 362 871 ¹nec
397 827 558 869 sincera
582 824 681 874 illa,
718 822 790 863 sed
827 821 1025 863 civilibus
1056 821 1280 864 discordiis
1315 822 1504 866 turbata:

288 916 393 957 quas
407 899 675 952 compescuit
700 910 836 940 annus
864 899 1150 952 octogesimus
1175 900 1411 952 septimus,
1436 911 1509 942 ve-

287 991 415 1024 terem
443 978 685 1020 felicitatem
703 975 955 1029 promittens
972 989 983 1017 ε
1000 977 1123 1031 cujus
1137 989 1250 1030 spem
1269 978 1420 1030 quinto
1435 990 1507 1020 an-

283 1071 342 1103 no
367 1053 589 1106 intercepit
613 1063 772 1094 novum
795 1052 949 1093 bellum
968 1062 1008 1093 et
1032 1053 1325 1096 calamitosum
1350 1064 1389 1095 et
1412 1055 1507 1097 diua

282 1143 456 1177 turnum
472 1162 487 1183 ,
531 1131 678 1172 saitem
718 1129 1006 1171 intermissum
1054 1128 1165 1181 pace
1198 1129 1505 1186 Ambianensi‚

287 1219 411 1262 quam
437 1204 745 1249 somniavimus
766 1203 899 1256 magis
924 1216 1048 1256 quam
1064 1205 1345 1257 percepimus.
1388 1205 1507 1262 Ergo

287 1286 562 1328 instauratum
576 1282 733 1323 bellum
750 1311 764 1332 ,
787 1281 910 1335 qu'us
925 1280 1258 1335 ingravescentia
1277 1282 1422 1324 damna
1439 1284 1511 1326 ad-

288 1364 373 1405 huc
399 1361 625 1402 toleramus
643 1388 656 1409 ,
690 1357 810 1399 finem
837 1357 1024 1398 nondum
1049 1357 1354 1409 prospicimus.
1398 1357 1512 1403 Nam

290 1438 421 1481 indes
437 1434 646 1488 principio
669 1432 786 1476 iliius
808 1431 1010 1485 temporis
1025 1461 1039 1482 ‚
1063 1431 1318 1473 seditionum
1337 1444 1514 1478 caussae

286 1531 333 1561 ac
355 1516 511 1559 semina
524 1526 572 1554 ex
592 1512 849 1554 Americanis
875 1512 926 1552 adl
951 1509 1200 1564 Europaeos
1224 1511 1371 1554 deferri
1388 1545 1402 1566 ,
1417 1526 1511 1557 sen·

287 1595 366 1637 sim
395 1591 599 1646 gliscere,
634 1589 813 1630 incendii
853 1588 1064 1630 materiam
1098 1590 1300 1642 arripere:
1328 1598 1515 1634 aestuare

290 1669 471 1726 populi,
493 1676 672 1707 veterem
699 1676 865 1706 suarum
881 1664 1101 1707 civitatum
1125 1663 1298 1707 formam
1321 1664 1518 1719 indigna.

289 1746 357 1797 ri,
384 1755 535 1785 novam
572 1751 795 1792 quaerere,
827 1740 1096 1791 eamdemque
1131 1738 1225 1780 aliis
1255 1740 1427 1793 populis
1451 1741 1518 1788 in·

288 1821 410 1865 ferre.
454 1816 541 1871 Qui
568 1824 742 1866 aestus,
769 1823 876 1866 quae
897 1812 1003 1853 bella
1034 1812 1084 1854 ab
1112 1813 1194 1854 alio
1217 1814 1267 1855 ad
1279 1814 1405 1855 alium
1434 1827 1514 1867 po-

289 1897 438 1954 pulum
474 1892 748 1941 continuata,
785 1901 872 1941 quo
909 1887 1164 1940 evaluetint‚
1211 1899 1334 1940 quem
1374 1888 1515 1932 adhuc

288 1983 485 2016 eventum
505 1967 744 2017 habuerint,
773 1966 898 2018 Tibi,
938 1964 993 2007 mi
1015 1964 1244 2018 Lyndene‚
1265 1964 1375 2008 haud
1394 1965 1518 2019 igno·

290 2050 396 2092 tanti
430 2047 531 2099 quid
550 2058 705 2088 narrem
721 2045 742 2085 2

346 2127 405 2170 Et
441 2125 563 2177 quasi
597 2136 684 2166 non
716 2121 818 2165 satis
849 2132 958 2163 esset
994 2121 1099 2163 illud
1124 2121 1364 2173 turbarum,
1395 2123 1514 2174 quod

294 2204 483 2261 populos
512 2201 714 2255 agitaret,
745 2212 840 2242 ecce
863 2199 1064 2242 novitatis
1100 2197 1233 2240 libido
1257 2208 1356 2240 mox
1387 2197 1515 2241 etiam

290 2279 646 2335 philosophorum
683 2278 854 2319 scholas
891 2276 1073 2318 invasit:
1111 2287 1223 2316 nova
1255 2274 1422 2316 exstitit
1449 2286 1515 2316 seq

287 2354 355 2402 cta
370 2355 595 2408 ‚nimirum
620 2365 658 2396 et
685 2356 774 2409 ipsa
800 2355 961 2408 aliquid
979 2365 1070 2395 esse
1092 2354 1236 2396 volens
1252 2383 1268 2405 ,
1294 2365 1372 2396 nec
1395 2352 1514 2408 quie·

290 2439 332 2479 ta
354 2435 492 2476 sedere
519 2431 765 2485 sustinens,
799 2441 839 2473 et

328 2527 517 2575 ¹Talibus
544 2529 592 2570 iu
621 2526 742 2572 rebus
769 2528 978 2573 commum·
1007 2527 1141 2576 deesse
1169 2525 1338 2582 saluti,

1462 2579 1518 2632 ed
