1693 3110
320 187 405 242 482
518 180 522 184 ’
616 175 1240 225 Dis-PUTATIO

331 319 373 349 n.
398 317 434 347 1.
469 302 625 356 quippe
660 303 867 356 optimum
899 315 986 346 non
1019 303 1125 344 illud
1150 312 1244 354 est,
1275 302 1389 358 quod
1403 302 1472 347 m'l
1490 306 1550 347 st-

332 380 432 430 mile
456 388 496 420 et
525 379 702 435 aequale
723 382 886 422 virtute
919 378 1102 433 habeat;
1131 390 1224 419 nam
1251 377 1349 419 haec
1378 381 1544 430 quidem

332 455 516 510 precaria
549 464 589 496 et
625 467 729 497 vana
770 463 834 496 est
870 453 1087 495 definitio:
1120 452 1193 494 sed
1222 452 1326 492 iliud
1358 452 1467 507 quod
1485 460 1547 494 tot

333 533 459 575 habet
492 541 718 588 tantasque
745 535 960 582 virtutes,
993 540 1092 587 quot
1123 538 1388 586 quantasque
1409 533 1454 570 in
1475 543 1547 573 suo

332 621 487 663 genere
509 609 664 650 habere
678 617 830 665 potest.
863 608 1001 650 Erunt
1029 607 1158 660 igitur
1181 608 1361 660 ejusdem
1384 606 1547 659 generis

340 683 465 736 plura
491 683 707 725 individua
727 683 883 724 similia
906 692 948 725 et
971 683 1312 736 aequalia3quod
1325 695 1408 725 non
1423 694 1547 734 repu-

338 768 456 812 gnat.
517 759 653 801 Aliam
675 771 868 800 caussam
890 758 1081 800 adferunt
1099 759 1231 800 hanc:
1256 759 1405 813 plures
1426 771 1546 799 mun·

332 834 405 876 dos
441 836 610 877 etiamst·
645 833 758 890 quod
789 833 1060 885 adformam
1095 836 1180 876 sint
1216 834 1376 886 iidem,
1405 842 1550 875 tamen

339 912 532 952 materia
555 909 747 963 dtfferre.
790 908 906 963 Quid
930 922 1029 952 vero
1052 921 1115 951 est
1139 909 1330 951 differre?
1361 909 1546 962 Utrum,-

339 989 570 1027 materiam
593 989 718 1027 um'us
742 985 888 1027 mundi
908 986 1120 1028 meliorem
1144 986 1444 1028 deteriorcmve
1465 996 1551 1026 esse

337 1075 469 1116 quam
506 1063 734 1104 materiam
761 1063 940 1103 alterius
971 1061 1151 1105 mundi?
1182 1061 1276 1102 Hoc
1302 1061 1461 1113 quippe
1483 1069 1550 1102 est

343 1135 601 1177 confundere
623 1147 793 1189 genera3
813 1149 906 1178 nam
930 1135 1095 1178 bonitas
1119 1136 1311 1178 materiae
1332 1135 1423 1188 ipsa
1440 1148 1546 1188 quo-

338 1223 426 1263 que
448 1212 498 1252 ad
524 1210 698 1252 formam
725 1211 931 1262 pertinet3
962 1223 1096 1263 neque
1126 1211 1275 1262 video,
1308 1223 1436 1262 quare
1458 1223 1548 1253 non

336 1285 462 1329 liceat
499 1295 681 1328 statuere
714 1284 925 1325 materiam
962 1285 1186 1335 utriusque
1212 1297 1341 1336 aeque
1376 1285 1546 1330 bonam.

337 1362 385 1404 Si
409 1374 506 1404 vero
530 1360 691 1403 differre
712 1369 866 1401 vocant
886 1390 901 1411 ‚
932 1358 990 1399 A.
1014 1371 1095 1399 esse
1114 1358 1169 1400 A.
1185 1387 1200 1409 ,
1225 1367 1264 1398 ct
1289 1359 1335 1402 B.
1360 1371 1440 1401 esse
1464 1359 1512 1404 B.
1530 1373 1548 1399 .-

341 1438 426 1479 hoc
456 1437 564 1478 idem
601 1436 651 1477 de
676 1434 811 1476 forma
841 1434 978 1475 dicere
1014 1434 1141 1486 licet,
1175 1446 1426 1486 quamquam
1460 1437 1548 1479 sint

345 1511 507 1554 similes
543 1519 581 1552 et
613 1510 836 1562 aequales,
867 1517 1003 1550 tamen
1029 1508 1202 1550 formam
1236 1511 1381 1552 mundi
1404 1512 1458 1555 A.
1482 1524 1547 1554 es.-

345 1599 391 1629 se
411 1586 466 1629 A.
483 1616 498 1638 ,
528 1598 614 1627 non
640 1584 717 1637 ss.;
751 1585 908 1638 quippe
935 1583 1039 1637 quin
1059 1584 1140 1627 hoc
1166 1584 1219 1626 ita
1243 1584 1412 1639 sit,per
1432 1586 1549 1639 prin-

336 1662 499 1715 cipium
531 1659 851 1713 Repugnantiae
879 1658 968 1701 fieri
1001 1659 1166 1711 nequit.
1221 1659 1404 1714 Pergunt
1423 1662 1548 1706 etiam

341 1736 630 1787 obluctando,
660 1744 699 1777 et
719 1734 894 1777 dicunt:
927 1735 1110 1777 Nullam
1130 1737 1195 1776 ita
1206 1736 1309 1789 fore
1327 1750 1516 1779 caussam
1530 1767 1547 1790 ,

337 1826 474 1870 quare:
518 1812 634 1853 Deus
677 1811 746 1851 hic
779 1809 978 1852 mundum
1020 1810 1076 1853 A.
1116 1812 1437 1866 procreaverit,
1476 1812 1550 1853 ille

341 1887 540 1930 mundum
572 1885 623 1926 B.
693 1885 831 1937 Atqui
867 1887 902 1927 si
942 1894 1117 1938 uterque
1149 1887 1266 1929 Deus
1305 1899 1425 1928 suum
1465 1886 1549 1928 sibi

341 1964 544 2005 mundum
575 1971 792 2015 procreat,
826 1970 905 2002 tam
941 1971 1004 2003 est
1038 1975 1232 2012 necesse,
1264 1971 1308 2001 ut
1332 1961 1373 2001 hi
1403 1961 1549 2002 mundi

343 2038 537 2094 subjecto
573 2045 614 2078 et
636 2047 808 2077 numero
831 2035 1049 2086 differant,
1082 2048 1205 2088 quam
1226 2034 1421 2077 differunt
1445 2037 1545 2090 ipsi.

339 2113 482 2169 Quare
513 2124 599 2154 non
623 2120 787 2153 tantum
819 2123 967 2153 caussa
988 2119 1081 2160 est,
1111 2109 1184 2151 sed
1209 2111 1463 2162 necessitas,
1497 2120 1545 2153 ut

338 2189 407 2231 hic
442 2188 558 2230 Deus
594 2188 736 2238 hunc,
767 2187 835 2228 ille
869 2187 988 2228 illum
1023 2185 1222 2227 mundum
1246 2195 1461 2238 procreet3
1496 2195 1544 2228 ut

341 2274 407 2306 est
441 2264 696 2316 necessitas,
736 2262 870 2304 Deum
908 2275 947 2305 v.
979 2273 1016 2305 c.
1048 2261 1100 2303 A.
1133 2260 1281 2302 habere
1311 2261 1543 2314 potentiam

340 2351 457 2382 suam
498 2338 668 2391 ipsum,
709 2349 794 2380 non
829 2350 926 2379 vero
958 2335 1187 2388 potentiam
1228 2335 1308 2377 Dei
1346 2336 1395 2377 Β.
1428 2335 1544 2388 quod

337 2423 487 2456 contra
522 2411 802 2453 Schubertum
842 2411 1109 2454 ostendimus
1150 2411 1262 2453 Sect.
1297 2413 1328 2456 I.
1400 2412 1544 2462 Atque

332 2488 432 2532 haec
467 2487 630 2542 quidem
667 2488 878 2541 pertinent
912 2488 963 2531 ad
1005 2487 1117 2530 illam
1152 2485 1537 2530 Demonstrationis

1448 2571 1539 2616 ejus
