1693 3110
425 198 762 244 PHAEDONIS
793 195 865 241 PL
874 194 1134 240 ATONICI.
1310 207 1328 239 1
1340 209 1356 240 1
1365 206 1390 250 7

167 331 308 367 tamen
343 323 459 366 omni
499 321 743 374 exceptione
778 320 913 374 maius
949 329 1037 370 est;
1080 316 1290 369 siquidem
1327 318 1389 359 nil

165 398 372 452 impedit,
405 397 639 450 quominus
672 394 839 435 animus
878 393 921 435 in
954 394 1032 436 hac
1069 394 1155 435 vita
1188 393 1388 436 notiones

171 473 432 516 universales
458 469 712 524 praeceperit
729 498 745 520 ‚
775 480 871 509 cum
899 480 976 510 sua
1000 469 1094 521 ipse
1124 468 1388 511 observatio-

164 559 219 591 ne
232 579 246 599 ,
263 557 353 589 tum
375 543 602 599 disciplina
622 553 662 586 et
686 542 973 585 admonitione
991 543 1245 586 docentium.
1275 543 1387 586 Nam

164 625 215 667 de
244 623 363 667 fonte
393 632 435 664 et
464 622 590 664 initio
612 620 835 664 notionum
860 620 964 662 duae
987 628 1089 662 sunt
1112 631 1264 671 eaeque
1283 632 1389 662 con-

162 701 309 743 trariae
327 699 690 752 Philosophorum
714 696 965 739 sententiae:
993 698 1119 738 altera
1139 697 1384 740 Aristotelis

164 788 204 820 et
236 777 425 826 Lockii,
458 776 532 829 qui
565 783 761 818 statuunt
793 773 1054 826 cognitionis
1078 773 1246 815 initium
1271 775 1390 826 posi-

164 864 255 896 tum
283 866 376 896 esse
398 854 442 895 in
474 852 674 894 sensibus
708 850 939 904 Corporis,
963 863 1034 904 per
1058 863 1168 903 quos
1203 852 1388 904 primum

166 930 364 974 notiones
404 941 539 971 rerum
565 939 826 970 externarum
850 926 993 969 inferri
1018 927 1061 969 in
1085 928 1285 969 Animum
1309 940 1390 970 nu-

163 1007 265 1049 dum
293 1015 332 1047 et
355 1018 534 1048 vacuum
564 1004 615 1046 ab
642 1005 759 1046 omni
784 1004 983 1047 notione:
1019 1005 1145 1045 altera
1163 1005 1384 1057 Platonis,

164 1084 241 1136 qui
266 1092 408 1124 tuetur
425 1082 563 1123 fuisse
583 1082 667 1135 J‘atn
693 1081 889 1122 notiones
910 1080 954 1121 in
982 1079 1139 1129 Animo
1161 1090 1389 1133 antequam

161 1165 206 1208 in
239 1164 416 1218 Corpus
451 1163 637 1206 veniret:
675 1162 834 1214 quippe
865 1161 1049 1213 quinon
1083 1163 1223 1214 possit
1247 1162 1388 1204 susci-

160 1254 261 1297 pere
296 1251 338 1283 et
369 1240 503 1282 veluti
542 1251 768 1294 agnoscere
805 1238 1009 1292 imagines
1034 1250 1170 1297 rerum
1198 1247 1390 1280 externa-

164 1332 257 1361 rum
296 1316 490 1359 sensibus
527 1317 789 1365 oblatarum,
838 1314 920 1355 nisi
945 1315 1048 1355 alias
1084 1312 1202 1366 prius
1235 1313 1385 1355 habeat

164 1394 393 1444 notiones,
424 1393 474 1433 ad
499 1403 605 1444 quas
631 1390 726 1431 illas
751 1389 952 1443 imagines
985 1388 1247 1431 extrinsecus
1271 1389 1389 1430 obla-

162 1478 228 1512 tas
265 1469 412 1512 referat
442 1479 569 1521 atque
592 1466 742 1520 exigat.
805 1465 917 1508 Haec
939 1474 1006 1507 est
1030 1466 1239 1510 Platonici
1263 1479 1388 1519 argu-

161 1547 292 1589 menti
317 1547 566 1599 vis,''qua1n
604 1545 737 1597 vulgo
768 1556 855 1585 non
889 1544 991 1585 satis
1020 1546 1295 1596 perceperunt
1318 1545 1389 1586 In-

170 1631 393 1675 terpretes.
452 1620 646 1662 Platonis
683 1620 928 1662 sententiam
963 1628 1135 1661 secutus
1170 1629 1234 1661 est
1258 1619 1387 1660 Leib-

162 1699 356 1751 nitzius,
400 1700 573 1750 eamque
607 1696 688 1739 sub
729 1696 899 1737 nomine
937 1694 1161 1736 doctrinae
1192 1694 1242 1736 de
1277 1694 1388 1738 [dcis

162 1775 326 1817 innatis
369 1773 611 1816 celebravit.
692 1770 774 1812 Sed
815 1771 934 1812 Plato
980 1771 1147 1823 quidem
1181 1772 1388 1814 conficere

162 1852 261 1893 hinc
302 1849 472 1902 voluit,
516 1850 718 1890 Animum
761 1856 878 1889 antea
910 1847 951 1889 in
987 1847 1081 1890 aliis
1116 1846 1388 1901 Corporibus

163 1927 333 1970 fuisse:
380 1925 601 1970 Leibnitio
632 1924 714 1966 hoc
743 1935 874 1965 unum
903 1923 1013 1966 satis
1046 1922 1155 1976 fuit,
1187 1925 1388 1967 Animum

163 2005 362 2048 notiones
387 2003 588 2046 habuisse
612 2013 835 2056 antequam
863 2002 907 2045 in
931 2002 1108 2056 Corpus
1134 2004 1307 2047 veniret.

217 2081 371 2136 Quinti
397 2082 648 2135 Argumenti
677 2081 856 2123 efficacia
884 2081 1104 2134 repetenda
1126 2090 1191 2123 est
1215 2094 1264 2123 ex
1292 2083 1388 2125 uni.

161 2160 284 2200 versa
317 2158 507 2200 Platonis
553 2156 883 2209 distributione,
927 2157 1010 2207 qua
1047 2168 1212 2200 omnem
1247 2168 1388 2198 rernm

166 2234 450 2281 substantium
491 2234 803 2278 multitudinem
829 2235 871 2276 in
897 2232 983 2275 duo
1007 2235 1213 2277 contraria
1238 2245 1389 2288 genera

165 2310 340 2362 dividit,
374 2311 552 2367 simplex
573 2320 613 2353 et
637 2313 932 2368 compositum,
957 2311 1139 2356 συνθετὸν
1164 2319 1204 2352 et
1226 2312 1390 2358 οέτῦνθε·

164 2399 247 2432 τον·
283 2399 492 2439 quorum,
538 2388 619 2430 hoc
658 2389 916 2431 dissolvatur
949 2395 990 2429 et
1025 2387 1232 2430 continuo
1256 2396 1388 2430 mute·

166 2471 264 2515 tur,
307 2460 414 2502 illud
459 2462 638 2504 dissolvi
673 2472 855 2515 nequeat
897 2471 937 2503 et
974 2461 1056 2504 sibi
1087 2474 1249 2516 semper
1271 2475 1386 2519 ,conf

165 2547 265 2582 stet.
326 2538 472 2595 HnJ'us
495 2538 721 2583 divisionis
748 2539 965 2582 veritatem
989 2539 1247 2595 restringunt
1274 2538 1387 2582 Stoi-

791 2616 834 2659 II
865 2630 888 2671 3
1320 2619 1389 2671 ci,
