1693 3110
527 174 1130 227 VILLOISONI.
1383 192 1444 240 η.

217 304 315 362 ptis
361 304 648 348 bibliothecae
694 301 737 346 S.
773 301 911 345 Marci
959 304 1234 351 excutiendis.
1295 306 1439 363 Cuius

225 394 374 435 operae
411 380 595 423 fructum
621 379 836 432 prodidit,
867 393 961 422 cum
990 382 1034 423 in
1056 382 1165 425 libro
1195 386 1440 429 Anecdoto-

221 471 315 500 rum
332 458 590 500 Venetorum
607 454 686 496 Gr.
709 454 878 496 duobus
902 457 1195 499 voluminibus
1222 458 1376 501 formae
1388 474 1434 513 4,

217 547 262 577 a.
294 536 425 585 1781:
461 543 635 584 quorum
662 530 828 582 priore,
852 530 1065 572 Eudociae
1089 532 1303 576 Violetum
1320 565 1334 587 ,
1360 536 1433 578 sed

213 610 310 652 sine
333 608 539 651 destinato
567 607 758 649 Editoris
787 609 1115 660 commentario,
1146 620 1306 654 exstat:
1341 624 1432 665 turn

215 682 260 724 in
284 681 430 734 primis
465 683 509 723 in
539 683 672 723 lucem
701 691 912 734 protracta
935 683 1090 734 iliade,
1121 696 1216 726 cum
1242 687 1429 732 Scholiis

212 765 398 799 veterum
436 756 817 798 Grammaticorum
851 756 987 797 adhuc
1018 758 1203 812 ignotis,
1249 774 1428 813 optima-

211 848 305 877 rum
331 847 464 876 rerum
492 833 627 885 plenis
652 834 701 874 ad
726 833 1011 886 coguitionem
1040 836 1209 878 criticae
1228 837 1429 881 historiae

205 911 440 954 carminum
469 909 787 953 Homericorum
807 924 818 953 ς
847 915 954 952 un·ie
977 912 1027 953 ad
1049 914 1128 955 hoc
1152 915 1338 957 studium
1363 929 1425 959 re-

209 987 504 1039 tractandum,
539 988 658 1039 quasi
693 987 818 1041 siguo
848 989 1048 1039 sublato,
1080 990 1159 1030 viri
1187 991 1426 1035 eruditissi-

205 1065 290 1117 mi,
324 1064 515 1118 Heynius
543 1075 582 1105 et
614 1063 830 1115 Wolfius,
863 1065 1090 1113 consilium
1128 1065 1211 1106 sibi
1237 1067 1424 1119 quisque

201 1149 407 1193 ceperunt
452 1139 734 1182 faciendarum
769 1140 1032 1192 editionum,
1067 1153 1171 1193 quae
1198 1154 1308 1184 nunc
1335 1155 1424 1186 rna-

199 1216 312 1260 xime
359 1215 635 1258 celebrantur.
709 1214 978 1256 Villoisonus
1018 1214 1110 1256 inde
1152 1214 1419 1259 Germaniam

202 1292 333 1335 obiit:
366 1293 480 1346 apud
506 1292 596 1334 Ser.
624 1291 786 1332 Ducem
814 1291 956 1332 Saxo-
973 1290 1285 1344 Vinariensem,
1305 1307 1418 1346 prm-

199 1371 335 1424 cipem
366 1381 407 1412 et
429 1370 568 1422 ipsum
595 1368 924 1411 eruditissimum
942 1398 956 1419 ‚
988 1378 1027 1409 et
1049 1369 1308 1411 erujirorum
1339 1370 1416 1413 ho·

195 1452 356 1494 minum
388 1448 623 1500 fautorem,
668 1448 750 1491 sibi
781 1449 864 1502 jam
900 1457 1017 1488 antea
1052 1447 1226 1489 Parisiis
1266 1447 1414 1500 cogni-

194 1538 311 1581 tum,
343 1529 385 1570 in
409 1530 501 1570 aula
526 1526 795 1579 Vinariensi,
824 1538 864 1568 a.
898 1527 1003 1576 1782
1032 1535 1071 1565 et
1098 1528 1232 1577 1783,
1265 1536 1408 1579 gratus

193 1614 477 1657 acceptusque
515 1604 669 1655 hospes
696 1611 985 1643 commoratus
1013 1610 1103 1645 est:
1136 1601 1282 1653 ibique
1301 1601 1408 1653 Epi-

189 1681 326 1723 stolas
379 1679 645 1721 Vinarienses
681 1676 968 1730 conscripsit,
1010 1676 1141 1719 editas
1185 1677 1334 1719 Turrci
1367 1690 1405 1724 a.

190 1756 319 1807 1783.
383 1754 594 1796 Reversus
630 1753 842 1803 Parisios,
874 1764 972 1794 mox
996 1765 1105 1794 anno
1138 1755 1244 1808 1284
1269 1756 1404 1809 majus

187 1827 266 1870 iter
302 1827 726 1882 Constantinopolim
762 1838 802 1869 et
840 1827 883 1869 in
923 1826 1142 1870 Graeciam
1182 1831 1402 1883 suscepit:

183 1904 330 1959 iisque
361 1904 654 1958 perlustratis,
688 1905 912 1946 multarum
949 1916 1081 1945 rerum
1107 1906 1263 1947 nemini
1284 1917 1402 1949 antea

185 1983 565 2025 animadversarum
591 1981 835 2035 cognitione
860 1990 1039 2033 auctus,
1065 1980 1108 2022 in
1140 1983 1313 2034 patriam
1340 1995 1404 2023 re-

183 2059 262 2102 diit
289 2071 328 2100 a.
360 2059 484 2114 1787.
542 2058 738 2099 Proximo
763 2069 872 2099 anno
898 2057 1025 2100 editio
1048 2056 1221 2109 iliadis,
1243 2060 1292 2100 cie
1317 2072 1401 2113 qua

179 2136 394 2188 diximus,
428 2136 584 2189 prodiit
617 2134 834 2177 Venetiae:
877 2134 969 2187 ipse
1006 2134 1299 2187 gravissimum
1334 2137 1399 2176 lu.

179 2222 297 2255 ctum
323 2212 512 2266 suscepit
536 2213 657 2255 obitu
694 2212 868 2264 uxoris,
901 2211 1029 2253 nullis
1063 2211 1219 2254 relictis
1256 2212 1398 2265 natis,

181 2300 362 2339 quacum
399 2301 470 2342 per
500 2288 692 2331 undecim
717 2301 850 2330 annos
874 2289 1133 2341 conjunctus
1163 2287 1314 2331 fuerat.
1341 2311 1398 2321 -—

184 2364 449 2416 Hucusque,
479 2378 611 2407 rerum
639 2367 729 2420 ejus
756 2376 917 2417 testes,
947 2366 1078 2407 habeo
1109 2367 1310 2418 epistolas
1344 2366 1395 2408 ab

183 2437 283 2490 ipso
303 2439 352 2479 ad
374 2451 438 2479 me
462 2440 658 2494 scriptas.
720 2428 872 2482 Secuta
894 2451 994 2484 sunt
1016 2451 1202 2494 tempora
1225 2443 1394 2493 sangui-

179 2514 353 2565 nolenta
384 2524 424 2556 et
448 2514 608 2569 optimo
628 2517 784 2571 cuique
806 2517 1060 2571 perniciosa.
1121 2517 1286 2559 Horum
1311 2514 1395 2556 ini-

1301 2602 1361 2635 tio
1377 2624 1396 2647 ,
