1693 3110
313 197 399 242 422
605 169 1215 228 D19fUTAT10

320 308 551 351 monstrare
594 294 721 338 vellet
754 293 938 349 Judaeos
971 293 1146 343 Graecis
1178 306 1265 338 non
1296 293 1551 351 incognito}

319 379 479 425 fuisse3
510 373 592 414 hoc
618 371 740 423 quale
766 371 850 422 sit,
882 382 984 424 age,
1017 372 1250 414 videamus.

383 449 528 501 Apion
549 447 858 491 Alexandrinus
875 446 1045 499 Judaeis
1065 448 1293 489 novitatem
1315 447 1542 500 exprobra·

323 531 465 575 verat,
500 522 644 564 dicens
676 533 817 564 eorum
854 532 1009 563 nomen
1047 533 1189 564 recens
1228 531 1267 564 et
1300 522 1539 568 inauditum

320 602 372 643 ad
402 599 575 641 aliarum
616 599 801 652 gentium
836 611 954 639 aures
993 600 1228 653 accidisse,
1269 611 1404 652 neque
1438 600 1543 642 adeo

323 678 457 720 multa
482 677 622 718 secula
645 688 760 727 esse,
785 687 880 716 cum
907 676 952 716 in
973 675 1150 717 aliorum
1176 676 1395 718 hominum
1420 676 1542 730 igno-

322 755 486 796 ratione
507 752 678 798 fuisset.
735 752 850 808 Quid
872 752 1027 794 crimen
1050 752 1294 795 diluendum
1321 752 1403 794 sibi
1425 764 1542 793 sum-

323 832 379 874 sit
408 830 622 886 Josephus
655 829 824 872 duobus
857 829 1010 882 libris,
1040 840 1080 871 et
1113 843 1304 873 caussam
1343 830 1398 873 ita
1431 829 1543 883 egit,

323 918 373 950 ut
397 909 488 962 ejus
512 905 813 959 disputationis
837 918 983 960 magna
1009 919 1105 959 pars
1131 918 1322 948 versetur
1340 905 1382 947 in
1408 914 1542 957 repre-

325 985 543 1027 hendenda
581 981 841 1025 Graecorum
886 983 1135 1037 negligentia
1170 983 1472 1033 novitateque,
1507 988 1548 1021 et

329 1060 374 1102 in
402 1058 649 1112 colligendis
684 1057 945 1101 Graecorum
985 1059 1251 1111 Scriptorum
1283 1058 1419 1107 locis,
1454 1057 1550 1108 qui·

330 1135 412 1177 bus
426 1134 681 1189 Judaeorum
713 1135 870 1177 mentio
897 1135 1005 1177 facta
1037 1145 1164 1177 esset.
1220 1134 1309 1185 Jam
1335 1132 1442 1173 illud
1461 1141 1549 1177 non

333 1221 399 1254 est
424 1210 553 1266 hujus
582 1210 695 1261 loci,
727 1223 948 1263 quaerere,
979 1222 1091 1256 recte
1115 1223 1188 1252 nec
1213 1221 1264 1251 ne
1287 1208 1459 1251 Graecis
1489 1206 1554 1250 vi-

331 1287 477 1330 cissim
501 1285 702 1341 objecerit
730 1287 1024 1341 negligentiam
1063 1286 1396 1336 novitatemque.
1454 1283 1550 1326 Hoc

334 1375 463 1405 unum
501 1361 679 1414 intelligi
715 1363 846 1414 volo,
884 1361 942 1403 ita
975 1373 1021 1404 se
1053 1373 1134 1402 rem
1174 1360 1350 1411 habere,
1393 1367 1468 1409 ut,
1510 1356 1548 1401 si

332 1437 599 1490 Scriptorum
646 1427 936 1488 testimoniis,
971 1449 1077 1489 quae
1115 1436 1329 1491 Josephus
1368 1434 1548 1487 adtulit,

335 1529 413 1560 sua
447 1524 617 1557 constet
650 1517 911 1567 auctoritas,
952 1515 1014 1558 nil
1047 1515 1277 1566 efficiatur,
1317 1514 1400 1556 nisi
1442 1513 1555 1555 forte

332 1605 465 1636 unum
493 1593 753 1644 alterumque
785 1591 1046 1635 Graecorum
1083 1603 1179 1634 ante
1202 1591 1480 1632 Alexandrum
1505 1590 1558 1631 de

329 1668 501 1726 Judaeis
524 1667 746 1710 obscuram
771 1676 1024 1719 tenuemque
1047 1668 1198 1709 famam
1223 1650 1443 1719 hausisse,
1465 1676 1554 1706 cer-

332 1747 482 1788 tiorem
516 1745 711 1787 notitiam
743 1754 831 1785 tum
865 1745 1030 1786 demum
1069 1744 1119 1785 ad
1155 1743 1343 1785 Graecos
1376 1742 1551 1784 delatam

334 1837 456 1875 esse,
501 1833 780 1876 posteaquam
819 1823 912 1875 ipsa
942 1821 1194 1876 Judaeorum
1239 1819 1353 1873 regio
1397 1818 1555 1861 crebris

337 1898 674 1942 Ptolemaeorum
711 1894 1113 1950 Seleucidarumque
1146 1895 1267 1938 bellis
1304 1892 1560 1947 frequentari

340 1975 567 2028 coepisset.
628 1972 757 2015 Nunc
794 1984 894 2016 vero
910 1975 1109 2026 pleraque
1126 1972 1223 2014 talia
1245 1980 1345 2012 sunt
1367 1969 1559 2012 testimo-

337 2053 432 2105 nia,
465 2062 510 2092 ut
530 2053 625 2105 jure
649 2051 819 2105 possint
845 2050 1104 2106 reprehendi.

393 2128 580 2171 Primum
622 2127 676 2170 L.
710 2128 754 2179 Ι,
787 2140 856 2172 22.
890 2138 1126 2179 memorat,
1155 2125 1433 2180 Pythagoram
1472 2125 1558 2178 ple-

338 2219 467 2258 taque
495 2207 693 2249 instituta
733 2215 773 2248 et
800 2207 956 2260 plac-ita
983 2219 1004 2248 a
1028 2205 1197 2259 Judaeis
1224 2203 1440 2246 sumsisse.
1500 2201 1563 2244 Et

340 2282 683 2333 quandoquidem
722 2279 859 2333 ipsius
906 2279 1163 2333 Pythagorae
1211 2278 1376 2320 nullum
1429 2275 1560 2317 fertur

340 2362 550 2413 scriptum
567 2391 583 2412 ,
616 2373 663 2402 ex
688 2373 774 2413 quo
795 2360 844 2402 de
867 2360 1017 2402 notitia
1041 2369 1134 2398 cum
1154 2356 1325 2410 Judaeis
1350 2354 1450 2407 quid
1470 2353 1560 2394 col-

342 2437 530 2490 ligatum
562 2445 706 2477 testem
747 2436 902 2478 excitat
939 2435 1236 2486 Hermippum.
1301 2430 1453 2472 Clarus
1491 2427 1563 2475 hio

338 2512 429 2571 fuit
452 2514 649 2557 historiae
673 2511 999 2568 philosophicae
1024 2510 1208 2564 scriptor
1229 2537 1245 2564 ,
1274 2506 1348 2550 sed
1365 2504 1434 2546 diu
1458 2511 1560 2554 post

1432 2581 1559 2626 Alex-
