1693 3110
244 165 326 203 112
403 150 860 200 PROLEGOMENA
899 161 963 193 Ex
1005 149 1294 198 EDITIONE

248 277 323 318 illa
346 288 411 318 res
443 276 491 317 ad
515 276 640 327 hujus
665 272 774 313 ideae
795 272 1026 324 exemplum
1050 275 1235 319 accedat.
1293 278 1384 327 Ita,
1416 274 1461 320 εἰ

255 353 369 404 quod
403 350 560 391 factum
594 348 834 402 judicamus
869 360 960 390 esse
995 348 1111 400 pium
1150 351 1213 391 vel
1248 350 1453 403 impium,

252 427 335 468 hoc
374 424 530 466 factum
564 430 692 464 sensu
725 422 930 475 Corporis
967 434 1208 477 perceptum
1243 425 1462 469 referimus

247 505 299 545 ad
330 502 439 542 ideas
478 502 732 541 universales
775 499 941 552 pietatis
978 502 1041 542 vel
1076 501 1318 553 impietatis.
1372 501 1467 556 Jam

251 590 350 620 vcro
385 578 495 617 unde
532 576 749 616 hausimus
785 576 893 618 itieas
932 576 1218 619 universales?
1269 578 1369 620 Nou
1400 590 1469 621 sa·

252 665 332 704 ne,
361 662 406 693 ut
431 652 624 693 nonnum
654 652 834 702 volunt,
866 636 1060 692 sensibus
1086 652 1310 704 Corporis.
1355 653 1466 696 Nam

252 730 322 771 his
357 729 521 780 quidem
561 727 776 771 haurimus
826 725 937 766 ideas
981 738 1114 766 rerum
1153 727 1468 780 singularium,

254 817 361 857 quas
389 805 439 845 ad
475 804 584 844 ideas
610 812 743 843 rerum
779 800 1071 841 universalium
1104 800 1307 853 exigimus
1342 812 1380 843 et
1406 802 1469 842 di-

250 883 503 939 judicamus.
578 879 636 922 Et
671 892 802 932 vero,
833 879 916 921 nisi
957 880 1074 932 prius
1107 880 1331 922 habeamus
1362 881 1474 925 ideas

251 957 537 1007 universales,
567 967 617 996 ne
642 954 876 1008 inteliigere
909 954 1073 1006 quidem
1109 956 1325 1009 possimus
1358 957 1471 1000 ideas

252 1033 503 1087 singulares.
565 1030 638 1072 Nil
674 1032 782 1074 enim
820 1031 1064 1074 haberemus
1097 1032 1147 1074 ad
1181 1033 1325 1085 quod,
1369 1042 1476 1074 tam-

260 1122 383 1163 quam
409 1109 459 1150 ad
483 1109 744 1160 exemplum,
777 1119 844 1150 eas
869 1107 1109 1149 referremus
1125 1138 1139 1158 .,
1157 1113 1209 1149 'et
1235 1120 1282 1151 ex
1306 1120 1392 1160 quo
1407 1120 1478 1151 eas

255 1196 595 1238 agnosceremus,
670 1183 795 1225 Unde
834 1184 1040 1235 efficitur,
1082 1196 1169 1226 non
1218 1196 1291 1236 per
1324 1196 1479 1227 sensus

256 1261 469 1313 Corporis
494 1260 674 1313 primum
701 1259 873 1301 notitias
896 1271 1031 1301 rerum
1056 1258 1098 1300 in
1123 1258 1323 1301 Animum
1350 1257 1478 1300 infer-

257 1337 322 1389 ri,
347 1337 418 1378 sed
439 1335 481 1377 in
506 1347 556 1376 eo
577 1338 658 1390 jam
685 1346 801 1376 antea
826 1333 989 1386 fuisse3
1014 1333 1144 1386 igitur
1169 1334 1367 1375 Animum
1388 1333 1478 1386 pri-

258 1424 311 1454 us
350 1412 538 1464 viguisse
573 1423 619 1452 ac
648 1411 805 1452 vixisse
833 1421 957 1461 quam
984 1409 1155 1463 Cor-pus
1184 1409 1478 1453 nasceretur.”

320 1494 424 1540 Arg„
457 1486 515 1530 V.
549 1487 628 1540 (ed
652 1496 787 1527 nostr.
822 1488 860 1538 ἕ.
888 1488 962 1536 κδ,
990 1509 1039 1516 —-
1065 1489 1142 1537 λδ,
1173 1499 1216 1539 p.
1245 1499 1299 1542 34
1327 1509 1380 1519 —
1408 1496 1481 1539 45.

264 1565 468 1617 Lugdun.
512 1576 554 1616 p.
590 1565 694 1617 384,
726 1562 775 1604 Β.
808 1585 863 1593 -
895 1565 1005 1614 387,
1036 1561 1131 1617 D.)
1178 1591 1205 1614 „
1243 1562 1327 1603 Sed
1358 1575 1489 1614 quan-

265 1644 492 1693 doquidem
517 1639 728 1692 plerisque
752 1640 837 1680 alte
859 1638 928 1679 hic
958 1638 1192 1690 scrupulus
1216 1636 1370 1680 infixus
1392 1647 1488 1691 est,

275 1732 323 1762 ut
347 1729 494 1774 putent
516 1717 714 1760 Animum
737 1726 870 1756 morte
891 1714 1098 1766 Corporis
1118 1714 1329 1766 dissolvi,
1350 1724 1389 1756 et
1410 1714 1490 1757 sub

269 1799 503 1841 discessum
537 1808 587 1836 ex
612 1794 804 1846 Corpore
828 1805 1071 1834 evanescere
1089 1823 1104 1844 ‚
1135 1805 1180 1833 ac
1205 1793 1336 1834 veluti
1361 1804 1491 1837 vento

269 1870 491 1924 dispergi3
526 1869 752 1910 videndum
793 1877 886 1918 est,
929 1868 1029 1918 quid
1068 1868 1125 1909 sit
1156 1869 1261 1909 illud
1295 1867 1498 1923 dissolvi,

272 1960 311 1991 et
337 1950 376 1990 in
404 1959 527 1999 quani
558 1957 747 1987 naturam
772 1945 914 1986 cadere
940 1944 1097 1996 possit.
1161 1944 1296 1996 Atqui
1321 1943 1493 1988 dissolvi

275 2025 335 2069 nil
366 2025 480 2065 aliud
515 2030 609 2072 cst,
642 2033 765 2073 quarn
800 2020 992 2073 partibus
1033 2019 1124 2062 suis
1154 2019 1207 2060 ita
1232 2020 1414 2072 privari,
1448 2030 1496 2063 ut

277 2100 575 2144 lsaediscedant
599 2099 621 2139 ἡ
646 2112 689 2140 se
714 2099 888 2139 invicem
906 2128 920 2148 ‚
944 2107 982 2138 et
1006 2097 1166 2137 utillud
1188 2105 1327 2137 totum
1343 2126 1358 2148 ‚
1377 2097 1495 2149 quod

277 2180 346 2220 'his
379 2175 569 2229 partibus
604 2175 855 2226 constabat,
887 2187 973 2216 non
1007 2173 1188 2225 amplius
1219 2172 1290 2215 sit.
1354 2174 1492 2227 igitur

280 2252 460 2296 dissolvi
488 2252 544 2294 nil
569 2262 707 2304 potest
724 2271 743 2302 ‚·
770 2252 849 2292 nisi
880 2251 992 2302 quod
1015 2262 1062 2291 ex
1093 2248 1282 2301 partibus
1305 2259 1491 2292 constat.

285 2332 418 2374 Porro
455 2329 859 2378 ai⁴;ima<³V01·tamus‚
895 2340 1027 2368 rerum
1069 2329 1255 2369 omnium
1285 2327 1370 2370 duo
1407 2340 1501 2370 esse

286 2419 456 2463 genera:
488 2406 637 2446 horum
667 2405 843 2446 aiterum
884 2417 933 2446 cx
973 2403 1164 2458 partibus
1200 2414 1263 2446 est
1293 2404 1507 2458 composi-

282 2481 637 2537 tum‚=continuo
672 2481 952 2527 mutationum
987 2479 1154 2526 turbine
1184 2480 1392 2537 agitatur,
1422 2489 1498 2519 nec

1408 2566 1502 2605 um-
