1693 3110
215 184 250 230 ις,
447 241 449 243 ,
587 181 1070 230 EptsToLA

223 320 320 353 ante
342 321 498 364 paucos
522 308 600 348 hos
624 306 710 347 dies
746 305 790 347 in
819 304 1111 349 Daventriensi
1139 308 1327 352 cathedra
1350 304 1436 364 po?-

225 386 364 437 situs,
394 386 484 437 ipse
506 384 804 424 documentum
825 383 1015 436 exstitit,
1045 395 1172 426 suum
1195 386 1330 428 adhuc
1351 399 1436 429 men

222 461 314 504 ritis
335 471 530 503 constare
556 459 776 501 honorem.

284 538 503 581 Caeterum
530 544 703 576 nostros
729 536 777 576 de
801 535 973 578 Platone
996 548 1240 588 sermones,
1272 538 1437 581 Amste·

223 613 379 656 lodami
404 613 657 663 inclroatOS,
688 611 890 665 Lugduni
922 613 1272 655 instauravimus:
1307 626 1440 666 quum

225 690 298 733 Tu
327 689 517 744 quotidie
539 689 753 731 Platonem
779 698 959 741 tereres,
989 702 1075 731 non
1113 690 1196 731 huc
1234 690 1333 732 illuc
1373 703 1445 731 va·

228 768 395 822 gando,
427 767 498 809 sed
524 778 791 819 unoquoque
814 765 982 819 dialogo
1011 766 1060 807 ab
1085 765 1209 807 initio
1245 767 1296 807 ad
1319 765 1443 808 finem

230 844 512 899 perlegendo,
545 844 731 896 perlecto
773 842 991 894 iterando,
1035 842 1295 896 singularum
1332 843 1448 884 dein·

226 933 328 973 ceps
362 919 658 961 sententiarum
705 930 815 959 nexu
863 918 1126 971 indagando,
1168 927 1292 971 teque
1328 917 1444 961 omni

226 1007 364 1040 mente
400 1007 439 1038 et
475 995 733 1048 cogitatione
757 994 799 1037 in
832 994 1081 1048 philosophi
1112 996 1275 1038 dicendi
1302 997 1453 1049 dispu-

225 1072 429 1124 tandique
461 1071 811 1113 consuetudinem
849 1070 1110 1121 insinuares,
1143 1071 1284 1123 itaque
1311 1083 1449 1112 veram

228 1150 483 1204 scripturam
525 1148 673 1190 multis
698 1148 740 1189 in
763 1146 900 1200 locis,
934 1146 1129 1199 quamvis
1158 1147 1417 1189 obliteratam
1434 1177 1451 1199 ‚

233 1227 518 1283 perspiceres,
551 1224 815 1278 plurimaque
846 1224 1112 1265 librariorum
1142 1223 1286 1264 menda
1319 1222 1452 1264 corri-

232 1317 367 1359 gere&
414 1300 534 1355 Quae
555 1301 626 1343 Tu
651 1301 819 1343 inventa
842 1301 892 1342 ad
917 1312 980 1340 me
1000 1298 1187 1341 deferens
1203 1329 1217 1351 ,
1240 1299 1450 1341 materiam

237 1377 450 1421 adferebas
474 1379 523 1419 de
550 1390 632 1430 qua
656 1377 840 1430 jucunde
865 1376 1233 1428 colloqueremur,
1265 1388 1351 1417 non
1381 1389 1454 1418 so-

234 1456 321 1496 lum
337 1457 730 1509 συμφιλολογοῦντες
747 1482 761 1505 ,
774 1452 845 1492 sed
866 1451 986 1492 etiam
1002 1454 1297 1504 συμπκθοῦντες
1315 1462 1354 1492 et
1367 1470 1456 1497 συν·

232 1535 495 1578 creovorum-eq
509 1558 524 1579 ‚
564 1540 694 1579 quum
725 1527 988 1578 dictionum,
1011 1526 1303 1568 sententiarum
1321 1557 1336 1578 ,
1357 1527 1459 1568 ima-

233 1611 379 1662 ginum
398 1637 413 1658 ,
446 1603 681 1655 suavitate,
713 1604 916 1654 veritate,
943 1603 1201 1645 sublimitate
1218 1604 1260 1645 in
1286 1603 1462 1646 admira-

235 1686 395 1726 tionem
431 1680 622 1725 Platonis
663 1679 960 1731 abriperemur.
1025 1679 1106 1719 Est
1134 1678 1328 1731 profecto
1354 1679 1461 1721 divi-

239 1773 322 1803 nus
355 1757 539 1810 scriptor
562 1755 710 1804 Plato,
742 1763 877 1804 neque
905 1751 1044 1794 divini
1073 1764 1307 1804 cognomen
1335 1762 1460 1793 teme-

240 1849 283 1878 re
308 1837 343 1876 ei
375 1832 506 1876 venit.
567 1830 729 1870 Nullus
757 1829 865 1869 enim
890 1837 954 1868 est
976 1840 1026 1868 ex
1053 1828 1212 1868 erudita
1235 1827 1463 1879 antiquita.

242 1923 284 1955 te
309 1911 518 1964 scriptor,
550 1909 592 1950 in
621 1919 708 1960 quo
741 1907 875 1960 major
917 1906 972 1947 sit
999 1905 1164 1946 ubertas
1191 1916 1231 1946 et
1255 1905 1374 1958 copia
1397 1918 1464 1947 ea-

239 2001 331 2034 rum
351 1987 554 2029 virtutum
571 2015 585 2036 ,
613 1984 773 2035 quibus
796 1984 975 2035 legentes
996 1981 1037 2023 in
1065 1981 1283 2034 quemdam
1307 1981 1463 2023 divini-

238 2064 341 2107 tatis
369 2074 538 2105 sensum
564 2060 832 2102 auferantur:
865 2069 936 2100 aut
953 2089 966 2110 ,
1000 2058 1035 2099 si
1058 2058 1129 2110 qui
1156 2068 1255 2099 sunt
1274 2088 1289 2109 ,
1323 2057 1392 2110 qui
1418 2056 1460 2098 in

239 2143 425 2198 ejusdcm
460 2139 596 2181 laudis
649 2151 694 2179 ac
736 2136 1026 2178 similitudinis
1059 2135 1301 2177 societatem
1341 2144 1466 2176 vene-

242 2220 356 2266 rint,
387 2216 430 2257 hi
456 2215 505 2255 ab
534 2215 628 2267 ipso
655 2213 846 2255 Platonis
872 2210 989 2253 fonte
1005 2210 1233 2253 fluxerunt.

303 2293 414 2335 Mihi
443 2304 542 2333 vero
577 2290 713 2332 nostri
750 2302 961 2332 sermones
988 2301 1108 2341 saepe
1143 2289 1184 2330 in
1221 2288 1462 2331 memoriam

248 2378 504 2414 revocarunt
529 2368 831 2409 adolescentiae
855 2378 964 2408 meae
987 2375 1153 2419 tempus
1170 2397 1185 2418 ,
1218 2379 1304 2419 quo
1330 2367 1399 2409 ille
1421 2367 1466 2408 in

245 2447 385 2490 animo
421 2456 511 2486 meo
549 2456 700 2484 sensus
738 2453 775 2484 et·
809 2441 1014 2483 recentior
1037 2451 1075 2482 et
1101 2442 1237 2483 acrior
1270 2442 1463 2496 vigebat:

246 2535 375 2577 quem
397 2533 509 2564 nune
538 2532 642 2563 usus
668 2528 707 2560 ct
730 2528 840 2562 actas
866 2518 930 2561 vel
954 2514 1279 2572 refrigeratum,
1313 2515 1376 2560 vel
1404 2525 1466 2553 ra-

1389 2588 1471 2631 tio·
1522 2596 1529 2601 ·
