<?xml version="1.0" encoding="UTF-8"?>
<!DOCTYPE html PUBLIC "-//W3C//DTD XHTML 1.0 Transitional//EN"
    "http://www.w3.org/TR/xhtml1/DTD/xhtml1-transitional.dtd">
<html xmlns="http://www.w3.org/1999/xhtml" xml:lang="en" lang="en">
 <head>
  <title>
</title>
<meta http-equiv="Content-Type" content="text/html;charset=utf-8" />
  <meta name='ocr-system' content='tesseract 3.04.00' />
  <meta name='ocr-capabilities' content='ocr_page ocr_carea ocr_par ocr_line ocrx_word'/>
</head>
<body>
  <div class='ocr_page' id='page_1' title='image "./opusculavariiarg02wytt/opusculavariiarg02wytt_0593.png"; bbox 0 0 1693 3110; ppageno 0'>
   <div class='ocr_carea' id='block_1_1' title="bbox 272 183 1305 245">
    <p class='ocr_par' dir='ltr' id='par_1_1' title="bbox 272 183 1305 245">
     <span class='ocr_line' id='line_1_1' title="bbox 272 183 1305 245; baseline 0.002 -10"><span class='ocrx_word' id='word_1_1' title='bbox 272 183 353 236; x_wconf 81' lang='lat' dir='ltr'>DE</span> <span class='ocrx_word' id='word_1_2' title='bbox 381 185 899 234; x_wconf 80' lang='lat' dir='ltr'><strong>IMMORTALITATE</strong></span> <span class='ocrx_word' id='word_1_3' title='bbox 931 188 1118 236; x_wconf 67' lang='lat' dir='ltr'><strong>ANIMI.</strong></span> <span class='ocrx_word' id='word_1_4' title='bbox 1217 198 1305 245; x_wconf 77' lang='grc'>577</span> 
     </span>
    </p>
   </div>
   <div class='ocr_carea' id='block_1_2' title="bbox 98 311 1484 2476">
    <p class='ocr_par' dir='ltr' id='par_1_2' title="bbox 98 311 1484 2476">
     <span class='ocr_line' id='line_1_2' title="bbox 99 311 1484 391; baseline -0.002 -36"><span class='ocrx_word' id='word_1_5' title='bbox 99 320 196 357; x_wconf 59' lang='lat' dir='ltr'>&amp;tem</span> <span class='ocrx_word' id='word_1_6' title='bbox 213 327 228 354; x_wconf 92' lang='grc'>.·</span> <span class='ocrx_word' id='word_1_7' title='bbox 258 316 377 365; x_wconf 65' lang='grc' dir='ltr'><em>Ειήρο</em></span> <span class='ocrx_word' id='word_1_8' title='bbox 407 315 561 355; x_wconf 77' lang='lat' dir='ltr'>Anima</span> <span class='ocrx_word' id='word_1_9' title='bbox 587 326 658 353; x_wconf 74' lang='lat' dir='ltr'>nec</span> <span class='ocrx_word' id='word_1_10' title='bbox 674 314 894 353; x_wconf 72' lang='lat' dir='ltr'>interitum</span> <span class='ocrx_word' id='word_1_11' title='bbox 919 312 1094 359; x_wconf 71' lang='lat' dir='ltr'>habet.&#39;&#39;</span> <span class='ocrx_word' id='word_1_12' title='bbox 1121 311 1227 362; x_wconf 75' lang='lat' dir='ltr'>Sed,</span> <span class='ocrx_word' id='word_1_13' title='bbox 1261 323 1306 354; x_wconf 87' lang='lat' dir='ltr'>ut</span> <span class='ocrx_word' id='word_1_14' title='bbox 1327 317 1418 391; x_wconf 44' lang='lat' dir='ltr'>{faceo</span> <span class='ocrx_word' id='word_1_15' title='bbox 1439 314 1484 352; x_wconf 73' lang='lat' dir='ltr'>V.</span> 
     </span>
     <span class='ocr_line' id='line_1_3' title="bbox 107 380 1432 432; baseline -0.002 0"><span class='ocrx_word' id='word_1_16' title='bbox 107 388 276 432; x_wconf 84' lang='lat' dir='ltr'>brevius</span> <span class='ocrx_word' id='word_1_17' title='bbox 314 391 434 432; x_wconf 74' lang='lat' dir='ltr'>etiam</span> <span class='ocrx_word' id='word_1_18' title='bbox 476 388 840 430; x_wconf 75' lang='lat' dir='ltr'>demonstrationis</span> <span class='ocrx_word' id='word_1_19' title='bbox 866 388 1165 430; x_wconf 76' lang='lat' dir='ltr'>connexionem</span> <span class='ocrx_word' id='word_1_20' title='bbox 1195 400 1312 429; x_wconf 88' lang='lat' dir='ltr'>com·</span> <span class='ocrx_word' id='word_1_21' title='bbox 1421 380 1432 392; x_wconf 76' lang='lat'><strong>‘</strong></span> 
     </span>
     <span class='ocr_line' id='line_1_4' title="bbox 113 463 1315 518; baseline -0.001 -11"><span class='ocrx_word' id='word_1_22' title='bbox 113 466 373 518; x_wconf 74' lang='lat' dir='ltr'>plectamt.r,</span> <span class='ocrx_word' id='word_1_23' title='bbox 405 467 536 506; x_wconf 76' lang='lat' dir='ltr'>tribus</span> <span class='ocrx_word' id='word_1_24' title='bbox 563 463 634 504; x_wconf 90' lang='lat' dir='ltr'>illa</span> <span class='ocrx_word' id='word_1_25' title='bbox 658 464 904 504; x_wconf 81' lang='lat' dir='ltr'>continetur</span> <span class='ocrx_word' id='word_1_26' title='bbox 938 463 1003 504; x_wconf 87' lang='lat' dir='ltr'>his</span> <span class='ocrx_word' id='word_1_27' title='bbox 1036 464 1315 506; x_wconf 71' lang='lat' dir='ltr'>Enunciatio-</span> 
     </span>
     <span class='ocr_line' id='line_1_5' title="bbox 107 540 1361 595; baseline -0.002 -12"><span class='ocrx_word' id='word_1_28' title='bbox 107 542 259 584; x_wconf 87' lang='lat' dir='ltr'>nibus:</span> <span class='ocrx_word' id='word_1_29' title='bbox 295 569 320 590; x_wconf 85' lang='lat'><strong>„</strong></span> <span class='ocrx_word' id='word_1_30' title='bbox 344 541 495 582; x_wconf 73' lang='lat' dir='ltr'>Anima</span> <span class='ocrx_word' id='word_1_31' title='bbox 518 548 575 582; x_wconf 82' lang='lat' dir='ltr'>est</span> <span class='ocrx_word' id='word_1_32' title='bbox 599 540 860 595; x_wconf 78' lang='lat' dir='ltr'>principium</span> <span class='ocrx_word' id='word_1_33' title='bbox 876 568 890 589; x_wconf 90' lang='lat'>,</span> <span class='ocrx_word' id='word_1_34' title='bbox 924 540 1026 594; x_wconf 76' lang='lat' dir='ltr'>quia</span> <span class='ocrx_word' id='word_1_35' title='bbox 1051 552 1091 579; x_wconf 87' lang='lat' dir='ltr'>se</span> <span class='ocrx_word' id='word_1_36' title='bbox 1114 541 1206 594; x_wconf 82' lang='lat' dir='ltr'>ipsa</span> <span class='ocrx_word' id='word_1_37' title='bbox 1232 552 1317 581; x_wconf 82' lang='lat' dir='ltr'>mo·</span> <span class='ocrx_word' id='word_1_38' title='bbox 1357 544 1361 549; x_wconf 82' lang='grc'><strong>”</strong></span> 
     </span>
     <span class='ocr_line' id='line_1_6' title="bbox 103 614 1316 670; baseline -0.003 -12"><span class='ocrx_word' id='word_1_39' title='bbox 103 625 204 658; x_wconf 63' lang='lat' dir='ltr'>vet:</span> <span class='ocrx_word' id='word_1_40' title='bbox 234 614 499 670; x_wconf 74' lang='lat' dir='ltr'>Principium</span> <span class='ocrx_word' id='word_1_41' title='bbox 521 621 610 656; x_wconf 75' lang='lat' dir='ltr'>&#39;nec</span> <span class='ocrx_word' id='word_1_42' title='bbox 646 616 850 667; x_wconf 66' lang='lat' dir='ltr'>ortginem</span> <span class='ocrx_word' id='word_1_43' title='bbox 891 626 964 654; x_wconf 79' lang='lat' dir='ltr'>nec</span> <span class='ocrx_word' id='word_1_44' title='bbox 994 615 1215 654; x_wconf 73' lang='lat' dir='ltr'>interitum</span> <span class='ocrx_word' id='word_1_45' title='bbox 1240 615 1316 654; x_wconf 79' lang='lat' dir='ltr'>lm·</span> 
     </span>
     <span class='ocr_line' id='line_1_7' title="bbox 108 688 1316 744; baseline -0.002 -12"><span class='ocrx_word' id='word_1_46' title='bbox 108 691 176 732; x_wconf 70' lang='lat' dir='ltr'>bet</span> <span class='ocrx_word' id='word_1_47' title='bbox 196 704 212 732; x_wconf 94' lang='lat'><em>:</em></span> <span class='ocrx_word' id='word_1_48' title='bbox 242 690 390 744; x_wconf 71' lang='lat' dir='ltr'>Ergo,</span> <span class='ocrx_word' id='word_1_49' title='bbox 425 691 581 731; x_wconf 78' lang='lat' dir='ltr'>Anima</span> <span class='ocrx_word' id='word_1_50' title='bbox 614 699 772 744; x_wconf 77' lang='lat' dir='ltr'>semper</span> <span class='ocrx_word' id='word_1_51' title='bbox 793 689 891 742; x_wconf 70' lang='lat' dir='ltr'>fuit</span> <span class='ocrx_word' id='word_1_52' title='bbox 925 697 965 729; x_wconf 80' lang='lat' dir='ltr'>et</span> <span class='ocrx_word' id='word_1_53' title='bbox 996 700 1154 744; x_wconf 75' lang='lat' dir='ltr'>semper</span> <span class='ocrx_word' id='word_1_54' title='bbox 1178 688 1316 730; x_wconf 77' lang='lat' dir='ltr'>erit.”</span> 
     </span>
     <span class='ocr_line' id='line_1_8' title="bbox 110 764 1316 818; baseline -0.001 -11"><span class='ocrx_word' id='word_1_55' title='bbox 110 766 319 818; x_wconf 84' lang='lat' dir='ltr'>Equidem</span> <span class='ocrx_word' id='word_1_56' title='bbox 350 774 389 806; x_wconf 85' lang='lat' dir='ltr'>et</span> <span class='ocrx_word' id='word_1_57' title='bbox 428 764 516 816; x_wconf 85' lang='lat' dir='ltr'>ipse</span> <span class='ocrx_word' id='word_1_58' title='bbox 550 765 704 815; x_wconf 83' lang='lat' dir='ltr'>miror,</span> <span class='ocrx_word' id='word_1_59' title='bbox 737 774 775 806; x_wconf 86' lang='lat' dir='ltr'>et</span> <span class='ocrx_word' id='word_1_60' title='bbox 809 765 913 807; x_wconf 90' lang='lat' dir='ltr'>alios</span> <span class='ocrx_word' id='word_1_61' title='bbox 952 774 1174 807; x_wconf 69' lang='lat' dir='ltr'>miraturos</span> <span class='ocrx_word' id='word_1_62' title='bbox 1207 765 1316 807; x_wconf 82' lang='lat' dir='ltr'>arbi-</span> 
     </span>
     <span class='ocr_line' id='line_1_9' title="bbox 110 840 1315 893; baseline -0.001 -10"><span class='ocrx_word' id='word_1_63' title='bbox 110 851 230 893; x_wconf 87' lang='lat' dir='ltr'>tror,</span> <span class='ocrx_word' id='word_1_64' title='bbox 265 853 366 893; x_wconf 85' lang='lat' dir='ltr'>quae</span> <span class='ocrx_word' id='word_1_65' title='bbox 391 840 445 881; x_wconf 78' lang='lat' dir='ltr'>sit</span> <span class='ocrx_word' id='word_1_66' title='bbox 469 840 724 891; x_wconf 78' lang='lat' dir='ltr'>necessitas,</span> <span class='ocrx_word' id='word_1_67' title='bbox 755 849 800 881; x_wconf 94' lang='lat' dir='ltr'>ut</span> <span class='ocrx_word' id='word_1_68' title='bbox 822 840 955 893; x_wconf 89' lang='lat' dir='ltr'>illud,</span> <span class='ocrx_word' id='word_1_69' title='bbox 983 842 1100 893; x_wconf 89' lang='lat' dir='ltr'>quod</span> <span class='ocrx_word' id='word_1_70' title='bbox 1127 840 1315 891; x_wconf 83' lang='lat' dir='ltr'>seipsum</span> 
     </span>
     <span class='ocr_line' id='line_1_10' title="bbox 111 913 1320 968; baseline -0.002 -10"><span class='ocrx_word' id='word_1_71' title='bbox 111 927 275 968; x_wconf 84' lang='lat' dir='ltr'>movet,</span> <span class='ocrx_word' id='word_1_72' title='bbox 308 927 467 966; x_wconf 81' lang='lat' dir='ltr'>semper</span> <span class='ocrx_word' id='word_1_73' title='bbox 499 913 642 956; x_wconf 87' lang='lat' dir='ltr'>fuerit.</span> <span class='ocrx_word' id='word_1_74' title='bbox 704 913 812 955; x_wconf 90' lang='lat' dir='ltr'>Nam</span> <span class='ocrx_word' id='word_1_75' title='bbox 853 915 927 966; x_wconf 90' lang='lat' dir='ltr'>qui</span> <span class='ocrx_word' id='word_1_76' title='bbox 961 916 1155 957; x_wconf 86' lang='lat' dir='ltr'>acerrime</span> <span class='ocrx_word' id='word_1_77' title='bbox 1175 916 1320 958; x_wconf 86' lang='lat' dir='ltr'>Animi</span> 
     </span>
     <span class='ocr_line' id='line_1_11' title="bbox 104 987 1318 1043; baseline 0.001 -10"><span class='ocrx_word' id='word_1_78' title='bbox 104 992 336 1033; x_wconf 75' lang='lat' dir='ltr'>libertatern</span> <span class='ocrx_word' id='word_1_79' title='bbox 370 987 626 1040; x_wconf 80' lang='lat' dir='ltr'>defendunt,</span> <span class='ocrx_word' id='word_1_80' title='bbox 655 1001 827 1041; x_wconf 85' lang='lat' dir='ltr'>eamque</span> <span class='ocrx_word' id='word_1_81' title='bbox 861 991 902 1031; x_wconf 88' lang='lat' dir='ltr'>in</span> <span class='ocrx_word' id='word_1_82' title='bbox 941 991 1111 1043; x_wconf 68' lang='lat' dir='ltr'>propria</span> <span class='ocrx_word' id='word_1_83' title='bbox 1137 991 1318 1034; x_wconf 62' lang='lat' dir='ltr'>interna-</span> 
     </span>
     <span class='ocr_line' id='line_1_12' title="bbox 113 1062 1322 1118; baseline 0 -11"><span class='ocrx_word' id='word_1_84' title='bbox 113 1078 195 1118; x_wconf 88' lang='lat' dir='ltr'>que</span> <span class='ocrx_word' id='word_1_85' title='bbox 226 1065 373 1118; x_wconf 83' lang='lat' dir='ltr'>agendi</span> <span class='ocrx_word' id='word_1_86' title='bbox 409 1062 637 1115; x_wconf 79' lang='lat' dir='ltr'>facultate,</span> <span class='ocrx_word' id='word_1_87' title='bbox 669 1063 710 1106; x_wconf 88' lang='lat' dir='ltr'>id</span> <span class='ocrx_word' id='word_1_88' title='bbox 745 1073 835 1117; x_wconf 86' lang='lat' dir='ltr'>est,</span> <span class='ocrx_word' id='word_1_89' title='bbox 875 1075 922 1106; x_wconf 91' lang='lat' dir='ltr'>ut</span> <span class='ocrx_word' id='word_1_90' title='bbox 946 1065 1116 1108; x_wconf 83' lang='lat' dir='ltr'>Veteres</span> <span class='ocrx_word' id='word_1_91' title='bbox 1135 1065 1322 1117; x_wconf 75' lang='lat' dir='ltr'>loquun-</span> 
     </span>
     <span class='ocr_line' id='line_1_13' title="bbox 106 1139 1322 1195; baseline 0.001 -14"><span class='ocrx_word' id='word_1_92' title='bbox 106 1150 201 1191; x_wconf 86' lang='lat' dir='ltr'>tur,</span> <span class='ocrx_word' id='word_1_93' title='bbox 232 1141 274 1181; x_wconf 92' lang='lat' dir='ltr'>in</span> <span class='ocrx_word' id='word_1_94' title='bbox 300 1139 523 1192; x_wconf 77' lang='lat' dir='ltr'>facultate</span> <span class='ocrx_word' id='word_1_95' title='bbox 553 1153 593 1180; x_wconf 77' lang='lat' dir='ltr'>se</span> <span class='ocrx_word' id='word_1_96' title='bbox 627 1140 761 1195; x_wconf 81' lang='lat' dir='ltr'>ipsam</span> <span class='ocrx_word' id='word_1_97' title='bbox 785 1139 999 1192; x_wconf 77' lang='lat' dir='ltr'>movendi,</span> <span class='ocrx_word' id='word_1_98' title='bbox 1033 1152 1221 1193; x_wconf 80' lang='lat' dir='ltr'>ponunt3</span> <span class='ocrx_word' id='word_1_99' title='bbox 1260 1141 1322 1182; x_wconf 87' lang='lat' dir='ltr'>id-</span> 
     </span>
     <span class='ocr_line' id='line_1_14' title="bbox 109 1214 1317 1265; baseline 0.001 -9"><span class='ocrx_word' id='word_1_100' title='bbox 109 1216 224 1256; x_wconf 89' lang='lat' dir='ltr'>circo</span> <span class='ocrx_word' id='word_1_101' title='bbox 259 1214 426 1255; x_wconf 88' lang='lat' dir='ltr'>minime</span> <span class='ocrx_word' id='word_1_102' title='bbox 456 1223 607 1265; x_wconf 83' lang='lat' dir='ltr'>negant</span> <span class='ocrx_word' id='word_1_103' title='bbox 632 1214 822 1255; x_wconf 80' lang='lat' dir='ltr'>Animam</span> <span class='ocrx_word' id='word_1_104' title='bbox 853 1228 874 1256; x_wconf 86' lang='lat' dir='ltr'>a</span> <span class='ocrx_word' id='word_1_105' title='bbox 901 1216 990 1257; x_wconf 93' lang='lat' dir='ltr'>Deo</span> <span class='ocrx_word' id='word_1_106' title='bbox 1013 1228 1103 1257; x_wconf 88' lang='lat' dir='ltr'>esse</span> <span class='ocrx_word' id='word_1_107' title='bbox 1125 1228 1317 1260; x_wconf 85' lang='lat' dir='ltr'>creatam.</span> 
     </span>
     <span class='ocr_line' id='line_1_15' title="bbox 98 1288 1322 1340; baseline 0.002 -9"><span class='ocrx_word' id='word_1_108' title='bbox 98 1289 237 1332; x_wconf 55' lang='lat' dir='ltr'>⁴Forte</span> <span class='ocrx_word' id='word_1_109' title='bbox 269 1288 353 1329; x_wconf 88' lang='lat' dir='ltr'>sint</span> <span class='ocrx_word' id='word_1_110' title='bbox 385 1299 584 1340; x_wconf 88' lang='lat' dir='ltr'>quoque,</span> <span class='ocrx_word' id='word_1_111' title='bbox 616 1288 688 1338; x_wconf 83' lang='lat' dir='ltr'>qui</span> <span class='ocrx_word' id='word_1_112' title='bbox 724 1288 935 1330; x_wconf 82' lang='lat' dir='ltr'>Platonem</span> <span class='ocrx_word' id='word_1_113' title='bbox 959 1290 1039 1331; x_wconf 91' lang='lat' dir='ltr'>hoc</span> <span class='ocrx_word' id='word_1_114' title='bbox 1066 1292 1235 1332; x_wconf 86' lang='lat' dir='ltr'>nomine</span> <span class='ocrx_word' id='word_1_115' title='bbox 1261 1303 1322 1334; x_wconf 79' lang='lat' dir='ltr'>re·</span> 
     </span>
     <span class='ocr_line' id='line_1_16' title="bbox 110 1361 1322 1419; baseline 0.002 -14"><span class='ocrx_word' id='word_1_116' title='bbox 110 1364 398 1418; x_wconf 78' lang='lat' dir='ltr'>prehendant,</span> <span class='ocrx_word' id='word_1_117' title='bbox 456 1363 572 1414; x_wconf 89' lang='lat' dir='ltr'>quod</span> <span class='ocrx_word' id='word_1_118' title='bbox 607 1361 687 1404; x_wconf 77' lang='lat' dir='ltr'>sibi</span> <span class='ocrx_word' id='word_1_119' title='bbox 720 1364 810 1416; x_wconf 89' lang='lat' dir='ltr'>ipse</span> <span class='ocrx_word' id='word_1_120' title='bbox 843 1375 1070 1419; x_wconf 80' lang='lat' dir='ltr'>repugnet,</span> <span class='ocrx_word' id='word_1_121' title='bbox 1117 1379 1245 1417; x_wconf 85' lang='lat' dir='ltr'>quum</span> <span class='ocrx_word' id='word_1_122' title='bbox 1278 1367 1322 1410; x_wconf 88' lang='lat' dir='ltr'>in</span> 
     </span>
     <span class='ocr_line' id='line_1_17' title="bbox 112 1437 1323 1491; baseline 0 -9"><span class='ocrx_word' id='word_1_123' title='bbox 112 1437 289 1482; x_wconf 75' lang='lat' dir='ltr'>Timaeo</span> <span class='ocrx_word' id='word_1_124' title='bbox 322 1438 663 1491; x_wconf 77' lang='lat' dir='ltr'>pronunciaverit</span> <span class='ocrx_word' id='word_1_125' title='bbox 699 1439 872 1480; x_wconf 82' lang='lat' dir='ltr'>Animas</span> <span class='ocrx_word' id='word_1_126' title='bbox 910 1453 931 1481; x_wconf 87' lang='lat' dir='ltr'>a</span> <span class='ocrx_word' id='word_1_127' title='bbox 961 1443 1047 1481; x_wconf 81' lang='lat' dir='ltr'>Deo</span> <span class='ocrx_word' id='word_1_128' title='bbox 1074 1453 1229 1482; x_wconf 72' lang='lat' dir='ltr'>creatas</span> <span class='ocrx_word' id='word_1_129' title='bbox 1257 1454 1323 1483; x_wconf 87' lang='lat' dir='ltr'>es-</span> 
     </span>
     <span class='ocr_line' id='line_1_18' title="bbox 112 1512 1329 1569; baseline 0.002 -14"><span class='ocrx_word' id='word_1_130' title='bbox 112 1527 172 1558; x_wconf 86' lang='lat' dir='ltr'>se.</span> <span class='ocrx_word' id='word_1_131' title='bbox 233 1514 315 1555; x_wconf 87' lang='lat' dir='ltr'>Sed</span> <span class='ocrx_word' id='word_1_132' title='bbox 361 1514 458 1553; x_wconf 88' lang='lat' dir='ltr'>haec</span> <span class='ocrx_word' id='word_1_133' title='bbox 492 1512 658 1563; x_wconf 81' lang='lat' dir='ltr'>quidem</span> <span class='ocrx_word' id='word_1_134' title='bbox 695 1513 960 1565; x_wconf 81' lang='lat' dir='ltr'>reprehensio</span> <span class='ocrx_word' id='word_1_135' title='bbox 1012 1515 1068 1555; x_wconf 82' lang='lat' dir='ltr'>ita</span> <span class='ocrx_word' id='word_1_136' title='bbox 1109 1515 1210 1556; x_wconf 85' lang='lat' dir='ltr'>dilui</span> <span class='ocrx_word' id='word_1_137' title='bbox 1248 1529 1329 1569; x_wconf 88' lang='lat' dir='ltr'>po-</span> 
     </span>
     <span class='ocr_line' id='line_1_19' title="bbox 108 1588 1326 1639; baseline 0 -7"><span class='ocrx_word' id='word_1_138' title='bbox 108 1599 218 1639; x_wconf 81' lang='lat' dir='ltr'>test,</span> <span class='ocrx_word' id='word_1_139' title='bbox 251 1600 297 1629; x_wconf 90' lang='lat' dir='ltr'>ut</span> <span class='ocrx_word' id='word_1_140' title='bbox 335 1588 521 1628; x_wconf 76' lang='lat' dir='ltr'>dicamus</span> <span class='ocrx_word' id='word_1_141' title='bbox 561 1588 735 1628; x_wconf 78' lang='lat' dir='ltr'>Animas</span> <span class='ocrx_word' id='word_1_142' title='bbox 761 1590 969 1631; x_wconf 78' lang='lat' dir='ltr'>hominum</span> <span class='ocrx_word' id='word_1_143' title='bbox 996 1604 1046 1632; x_wconf 84' lang='lat' dir='ltr'>ex</span> <span class='ocrx_word' id='word_1_144' title='bbox 1069 1590 1212 1633; x_wconf 34' lang='lat' dir='ltr'>edvffem</span> <span class='ocrx_word' id='word_1_145' title='bbox 1234 1591 1326 1634; x_wconf 77' lang='lat' dir='ltr'><em>sub·</em></span> 
     </span>
     <span class='ocr_line' id='line_1_20' title="bbox 108 1664 1325 1719; baseline 0.002 -12"><span class='ocrx_word' id='word_1_146' title='bbox 108 1665 279 1707; x_wconf 69' lang='lat' dir='ltr'>stansici</span> <span class='ocrx_word' id='word_1_147' title='bbox 308 1664 550 1704; x_wconf 68' lang='lat' dir='ltr'>conzaositas</span> <span class='ocrx_word' id='word_1_148' title='bbox 589 1675 669 1703; x_wconf 80' lang='lat' dir='ltr'>esse</span> <span class='ocrx_word' id='word_1_149' title='bbox 700 1672 828 1719; x_wconf 76' lang='lat' dir='ltr'>atque</span> <span class='ocrx_word' id='word_1_150' title='bbox 877 1664 1078 1707; x_wconf 77' lang='lat' dir='ltr'>Animam</span> <span class='ocrx_word' id='word_1_151' title='bbox 1121 1667 1284 1709; x_wconf 68' lang='lat' dir='ltr'>Munda·</span> <span class='ocrx_word' id='word_1_152' title='bbox 1307 1695 1325 1718; x_wconf 81' lang='lat'>,</span> 
     </span>
     <span class='ocr_line' id='line_1_21' title="bbox 109 1738 1327 1799; baseline 0.002 -17"><span class='ocrx_word' id='word_1_153' title='bbox 109 1754 201 1782; x_wconf 73' lang='lat' dir='ltr'>enm</span> <span class='ocrx_word' id='word_1_154' title='bbox 241 1752 335 1780; x_wconf 77' lang='lat' dir='ltr'>vcro</span> <span class='ocrx_word' id='word_1_155' title='bbox 372 1738 649 1780; x_wconf 63' lang='lat' dir='ltr'>substanciam</span> <span class='ocrx_word' id='word_1_156' title='bbox 676 1738 728 1778; x_wconf 76' lang='lat' dir='ltr'>ab</span> <span class='ocrx_word' id='word_1_157' title='bbox 752 1743 863 1781; x_wconf 76' lang='lat' dir='ltr'>omni</span> <span class='ocrx_word' id='word_1_158' title='bbox 887 1745 1143 1784; x_wconf 73' lang='lat' dir='ltr'>aeternitate</span> <span class='ocrx_word' id='word_1_159' title='bbox 1167 1751 1327 1799; x_wconf 81' lang='lat' dir='ltr'>semper</span> 
     </span>
     <span class='ocr_line' id='line_1_22' title="bbox 112 1812 1323 1873; baseline 0.003 -16"><span class='ocrx_word' id='word_1_160' title='bbox 112 1818 160 1857; x_wconf 74' lang='lat' dir='ltr'>in</span> <span class='ocrx_word' id='word_1_161' title='bbox 183 1814 473 1866; x_wconf 79' lang='lat' dir='ltr'>motufuisse:</span> <span class='ocrx_word' id='word_1_162' title='bbox 504 1813 586 1854; x_wconf 88' lang='lat' dir='ltr'>vid.</span> <span class='ocrx_word' id='word_1_163' title='bbox 616 1812 730 1856; x_wconf 75' lang='lat' dir='ltr'>Tan.</span> <span class='ocrx_word' id='word_1_164' title='bbox 763 1828 808 1867; x_wconf 88' lang='lat' dir='ltr'>p.</span> <span class='ocrx_word' id='word_1_165' title='bbox 834 1829 931 1869; x_wconf 72' lang='lat'>327.</span> <span class='ocrx_word' id='word_1_166' title='bbox 958 1819 1012 1860; x_wconf 84' lang='lat' dir='ltr'>A.</span> <span class='ocrx_word' id='word_1_167' title='bbox 1041 1822 1134 1872; x_wconf 75' lang='lat'><strong>328.</strong></span> <span class='ocrx_word' id='word_1_168' title='bbox 1165 1829 1204 1859; x_wconf 92' lang='lat' dir='ltr'>et</span> <span class='ocrx_word' id='word_1_169' title='bbox 1226 1831 1323 1873; x_wconf 64' lang='lat'>331,</span> 
     </span>
     <span class='ocr_line' id='line_1_23' title="bbox 116 1892 1324 1946; baseline 0.006 -17"><span class='ocrx_word' id='word_1_170' title='bbox 116 1893 175 1934; x_wconf 85' lang='lat' dir='ltr'>A.</span> <span class='ocrx_word' id='word_1_171' title='bbox 218 1892 366 1938; x_wconf 57' lang='lat' dir='ltr'>lxeque</span> <span class='ocrx_word' id='word_1_172' title='bbox 406 1900 575 1930; x_wconf 83' lang='lat' dir='ltr'>necesse</span> <span class='ocrx_word' id='word_1_173' title='bbox 611 1898 672 1930; x_wconf 83' lang='lat' dir='ltr'>est</span> <span class='ocrx_word' id='word_1_174' title='bbox 706 1902 789 1930; x_wconf 86' lang='lat' dir='ltr'>eam</span> <span class='ocrx_word' id='word_1_175' title='bbox 828 1892 1019 1934; x_wconf 70' lang='lat' dir='ltr'>adhibere</span> <span class='ocrx_word' id='word_1_176' title='bbox 1051 1894 1283 1936; x_wconf 83' lang='lat' dir='ltr'>machinam</span> <span class='ocrx_word' id='word_1_177' title='bbox 1307 1924 1324 1946; x_wconf 91' lang='lat'><strong>‚</strong></span> 
     </span>
     <span class='ocr_line' id='line_1_24' title="bbox 123 1963 1325 2023; baseline 0.008 -19"><span class='ocrx_word' id='word_1_178' title='bbox 123 1977 204 2017; x_wconf 87' lang='lat' dir='ltr'>qua</span> <span class='ocrx_word' id='word_1_179' title='bbox 248 1963 312 2005; x_wconf 85' lang='lat' dir='ltr'>usi</span> <span class='ocrx_word' id='word_1_180' title='bbox 337 1973 437 2004; x_wconf 86' lang='lat' dir='ltr'>sunt</span> <span class='ocrx_word' id='word_1_181' title='bbox 462 1964 654 2005; x_wconf 88' lang='lat' dir='ltr'>nonnulli</span> <span class='ocrx_word' id='word_1_182' title='bbox 678 1964 988 2009; x_wconf 88' lang='lat' dir='ltr'>Platonicorum</span> <span class='ocrx_word' id='word_1_183' title='bbox 1005 1999 1021 2021; x_wconf 91' lang='lat'><strong>‚</strong></span> <span class='ocrx_word' id='word_1_184' title='bbox 1053 1972 1126 2023; x_wconf 92' lang='lat' dir='ltr'>qui</span> <span class='ocrx_word' id='word_1_185' title='bbox 1150 1982 1325 2014; x_wconf 86' lang='lat' dir='ltr'>conten-</span> 
     </span>
     <span class='ocr_line' id='line_1_25' title="bbox 115 2038 1327 2098; baseline 0.007 -17"><span class='ocrx_word' id='word_1_186' title='bbox 115 2041 294 2091; x_wconf 85' lang='lat' dir='ltr'>derunt,</span> <span class='ocrx_word' id='word_1_187' title='bbox 326 2038 569 2089; x_wconf 82' lang='lat' dir='ltr'>Mundum,</span> <span class='ocrx_word' id='word_1_188' title='bbox 601 2041 830 2082; x_wconf 81' lang='lat' dir='ltr'>secundum</span> <span class='ocrx_word' id='word_1_189' title='bbox 863 2043 1108 2098; x_wconf 83' lang='lat' dir='ltr'>Platonem,</span> <span class='ocrx_word' id='word_1_190' title='bbox 1139 2059 1224 2088; x_wconf 88' lang='lat' dir='ltr'>non</span> <span class='ocrx_word' id='word_1_191' title='bbox 1261 2059 1327 2098; x_wconf 74' lang='lat' dir='ltr'>es·</span> 
     </span>
     <span class='ocr_line' id='line_1_26' title="bbox 116 2114 1329 2172; baseline 0.007 -16"><span class='ocrx_word' id='word_1_192' title='bbox 116 2127 163 2156; x_wconf 76' lang='lat' dir='ltr'>se</span> <span class='ocrx_word' id='word_1_193' title='bbox 193 2114 235 2156; x_wconf 90' lang='lat' dir='ltr'>in</span> <span class='ocrx_word' id='word_1_194' title='bbox 273 2124 490 2166; x_wconf 86' lang='lat' dir='ltr'>tempore,</span> <span class='ocrx_word' id='word_1_195' title='bbox 524 2125 597 2156; x_wconf 87' lang='lat' dir='ltr'>seu</span> <span class='ocrx_word' id='word_1_196' title='bbox 635 2126 657 2155; x_wconf 91' lang='lat' dir='ltr'>a</span> <span class='ocrx_word' id='word_1_197' title='bbox 695 2117 874 2167; x_wconf 86' lang='lat' dir='ltr'>quodam</span> <span class='ocrx_word' id='word_1_198' title='bbox 913 2118 1064 2172; x_wconf 85' lang='lat' dir='ltr'>initio,</span> <span class='ocrx_word' id='word_1_199' title='bbox 1097 2135 1118 2162; x_wconf 88' lang='lat' dir='ltr'>a</span> <span class='ocrx_word' id='word_1_200' title='bbox 1152 2124 1243 2164; x_wconf 88' lang='lat' dir='ltr'>Deo</span> <span class='ocrx_word' id='word_1_201' title='bbox 1266 2122 1329 2164; x_wconf 68' lang='lat' dir='ltr'>fa⁴</span> 
     </span>
     <span class='ocr_line' id='line_1_27' title="bbox 122 2189 1328 2241; baseline 0.007 -11"><span class='ocrx_word' id='word_1_202' title='bbox 122 2199 262 2230; x_wconf 79' lang='lat' dir='ltr'>ctam:</span> <span class='ocrx_word' id='word_1_203' title='bbox 297 2190 345 2230; x_wconf 91' lang='lat' dir='ltr'>de</span> <span class='ocrx_word' id='word_1_204' title='bbox 370 2201 451 2240; x_wconf 90' lang='lat' dir='ltr'>qua</span> <span class='ocrx_word' id='word_1_205' title='bbox 473 2189 672 2241; x_wconf 87' lang='lat' dir='ltr'>opinione</span> <span class='ocrx_word' id='word_1_206' title='bbox 691 2202 831 2233; x_wconf 90' lang='lat' dir='ltr'>eorum</span> <span class='ocrx_word' id='word_1_207' title='bbox 860 2196 1328 2240; x_wconf 80' lang='lat' dir='ltr'>consulaturCudwor·</span> 
     </span>
     <span class='ocr_line' id='line_1_28' title="bbox 121 2264 1324 2321; baseline 0.008 -15"><span class='ocrx_word' id='word_1_208' title='bbox 121 2264 223 2306; x_wconf 84' lang='lat' dir='ltr'>thus</span> <span class='ocrx_word' id='word_1_209' title='bbox 247 2272 286 2304; x_wconf 90' lang='lat' dir='ltr'>et</span> <span class='ocrx_word' id='word_1_210' title='bbox 311 2264 361 2304; x_wconf 89' lang='lat' dir='ltr'>ad</span> <span class='ocrx_word' id='word_1_211' title='bbox 395 2274 484 2305; x_wconf 90' lang='lat' dir='ltr'>eum</span> <span class='ocrx_word' id='word_1_212' title='bbox 513 2264 783 2308; x_wconf 77' lang='lat' dir='ltr'>Moshemius</span> <span class='ocrx_word' id='word_1_213' title='bbox 823 2267 999 2321; x_wconf 87' lang='lat' dir='ltr'>System.</span> <span class='ocrx_word' id='word_1_214' title='bbox 1034 2271 1170 2316; x_wconf 75' lang='lat' dir='ltr'>Intell,</span> <span class='ocrx_word' id='word_1_215' title='bbox 1202 2272 1257 2316; x_wconf 84' lang='lat' dir='ltr'>T.</span> <span class='ocrx_word' id='word_1_216' title='bbox 1289 2272 1324 2316; x_wconf 70' lang='grc' dir='ltr'>Ι,</span> 
     </span>
     <span class='ocr_line' id='line_1_29' title="bbox 119 2337 1330 2397; baseline 0.006 -15"><span class='ocrx_word' id='word_1_217' title='bbox 119 2351 169 2393; x_wconf 86' lang='lat' dir='ltr'>p.</span> <span class='ocrx_word' id='word_1_218' title='bbox 195 2341 291 2392; x_wconf 81' lang='lat'><strong>308.</strong></span> <span class='ocrx_word' id='word_1_219' title='bbox 323 2337 489 2392; x_wconf 81' lang='lat' dir='ltr'>Quare,</span> <span class='ocrx_word' id='word_1_220' title='bbox 521 2341 556 2382; x_wconf 85' lang='lat' dir='ltr'>si</span> <span class='ocrx_word' id='word_1_221' title='bbox 595 2342 689 2393; x_wconf 86' lang='lat' dir='ltr'>quis</span> <span class='ocrx_word' id='word_1_222' title='bbox 736 2342 816 2384; x_wconf 90' lang='lat' dir='ltr'>hoc</span> <span class='ocrx_word' id='word_1_223' title='bbox 841 2352 1001 2397; x_wconf 84' lang='lat' dir='ltr'>teneat,</span> <span class='ocrx_word' id='word_1_224' title='bbox 1031 2346 1204 2390; x_wconf 86' lang='lat' dir='ltr'>Animae</span> <span class='ocrx_word' id='word_1_225' title='bbox 1227 2348 1330 2389; x_wconf 84' lang='lat' dir='ltr'>sub-</span> 
     </span>
     <span class='ocr_line' id='line_1_30' title="bbox 122 2414 1327 2476; baseline 0.009 -21"><span class='ocrx_word' id='word_1_226' title='bbox 122 2414 314 2455; x_wconf 85' lang='lat' dir='ltr'>stantiam</span> <span class='ocrx_word' id='word_1_227' title='bbox 342 2426 500 2466; x_wconf 87' lang='lat' dir='ltr'>semper</span> <span class='ocrx_word' id='word_1_228' title='bbox 521 2425 559 2456; x_wconf 89' lang='lat' dir='ltr'>et</span> <span class='ocrx_word' id='word_1_229' title='bbox 582 2416 714 2458; x_wconf 86' lang='lat' dir='ltr'>fuisse</span> <span class='ocrx_word' id='word_1_230' title='bbox 736 2428 776 2458; x_wconf 93' lang='lat' dir='ltr'>et</span> <span class='ocrx_word' id='word_1_231' title='bbox 801 2419 841 2460; x_wconf 86' lang='lat' dir='ltr'>in</span> <span class='ocrx_word' id='word_1_232' title='bbox 865 2430 984 2462; x_wconf 89' lang='lat' dir='ltr'>motu</span> <span class='ocrx_word' id='word_1_233' title='bbox 1024 2422 1186 2476; x_wconf 75' lang='lat' dir='ltr'>fuisse,</span> <span class='ocrx_word' id='word_1_234' title='bbox 1219 2435 1327 2465; x_wconf 78' lang='lat' dir='ltr'>eam-</span> 
     </span>
    </p>
   </div>
   <div class='ocr_carea' id='block_1_3' title="bbox 125 2488 1326 2616">
    <p class='ocr_par' dir='ltr' id='par_1_3' title="bbox 125 2488 1326 2616">
     <span class='ocr_line' id='line_1_31' title="bbox 125 2488 1326 2548; baseline 0.01 -21"><span class='ocrx_word' id='word_1_235' title='bbox 125 2499 207 2542; x_wconf 84' lang='lat' dir='ltr'>que</span> <span class='ocrx_word' id='word_1_236' title='bbox 235 2488 257 2529; x_wconf 72' lang='lat' dir='ltr'>a</span> <span class='ocrx_word' id='word_1_237' title='bbox 283 2488 370 2531; x_wconf 91' lang='lat' dir='ltr'>Deo</span> <span class='ocrx_word' id='word_1_238' title='bbox 394 2502 480 2534; x_wconf 85' lang='lat' dir='ltr'>non</span> <span class='ocrx_word' id='word_1_239' title='bbox 501 2502 548 2533; x_wconf 87' lang='lat' dir='ltr'>ex</span> <span class='ocrx_word' id='word_1_240' title='bbox 571 2493 705 2535; x_wconf 84' lang='lat' dir='ltr'>nihilo</span> <span class='ocrx_word' id='word_1_241' title='bbox 730 2503 932 2548; x_wconf 83' lang='lat' dir='ltr'>creatam,</span> <span class='ocrx_word' id='word_1_242' title='bbox 966 2497 1039 2541; x_wconf 88' lang='lat' dir='ltr'>sed</span> <span class='ocrx_word' id='word_1_243' title='bbox 1071 2506 1326 2541; x_wconf 83' lang='lat' dir='ltr'>tantummo-</span> 
     </span>
     <span class='ocr_line' id='line_1_32' title="bbox 175 2561 1326 2616; baseline 0.008 -9"><span class='ocrx_word' id='word_1_244' title='bbox 175 2561 270 2608; x_wconf 79' lang='lat' dir='ltr'>Vol.</span> <span class='ocrx_word' id='word_1_245' title='bbox 300 2563 353 2610; x_wconf 87' lang='lat'>11.</span> <span class='ocrx_word' id='word_1_246' title='bbox 783 2570 822 2611; x_wconf 77' lang='grc' dir='ltr'>υ</span> <span class='ocrx_word' id='word_1_247' title='bbox 846 2581 872 2611; x_wconf 87' lang='lat'><em>0</em></span> <span class='ocrx_word' id='word_1_248' title='bbox 1273 2571 1326 2616; x_wconf 70' lang='lat' dir='ltr'>do</span> 
     </span>
    </p>
   </div>
  </div>
 </body>
</html>
