1693 3110
262 150 344 199 ¹160
540 147 1122 200 OEPISTOLA

263 270 430 330 logiae,
450 276 499 316 de
525 273 670 316 Animi
694 273 878 326 simplici
902 284 1047 318 natura
1071 285 1110 318 et
1134 277 1471 338 immortalitate,

263 353 484 406 adJ'ungam
520 348 712 391 Platonis
751 350 918 405 dialogo
953 350 1191 397 Phaedoni:
1235 369 1387 411 quem,-
1428 369 1477 403 ut

259 428 405 477 nosti,
436 427 486 468 ad
521 425 745 467 editionem
784 427 987 468 instruere
1027 429 1180 481 coepi,
1215 431 1359 474 deinde
1380 435 1474 480 aliis

259 504 473 557 negotiis,
523 513 563 543 et
604 502 672 544 his
718 503 881 545 duabus
933 508 1161 556 postremis
1205 507 1487 553 Bibliothecae

258 582 447 625 Criticae
471 580 695 633 Partibus⁹
727 590 765 621 et
797 579 991 623 horribili
1019 582 1201 636 denique
1223 596 1389 628 nostrae
1415 601 1487 629 ur-

265 659 333 701 bis
354 661 470 701 clade
493 670 688 710 meaeque
706 662 859 701 domus
888 659 1124 701 vastatione
1147 661 1213 702 die
1235 663 1487 718 Xlijanua-

259 738 342 789 rii,
381 738 512 792 hujus
548 735 677 789 anni,
723 735 1119 788 intercipientibus,
1159 737 1204 778 in
1241 739 1482 791 proximum

260 815 396 856 otium
426 814 565 868 rejeci÷

313 891 408 934 PH.
440 890 577 942 Atqui
614 889 724 931 illam
760 889 1066 943 Psychologiae
1091 900 1249 943 partem
1287 899 1388 933 tunc
1423 891 1487 933 lea

262 981 442 1024 gemus,
474 967 833 1019 quandocumque
872 977 968 1006 cum
1002 965 1220 1008 Phaedone
1252 966 1476 1019 prodierit:

256 1057 373 1089 nunc
402 1052 538 1085 totum
561 1041 751 1083 libellum
778 1053 1037 1095 cognoscere
1060 1042 1236 1096 cupiens
1261 1045 1335 1085 abs
1357 1053 1398 1085 te
1411 1055 1485 1096 pe-

258 1133 332 1177 to,
364 1134 410 1164 ut
434 1122 536 1162 mihi
562 1122 652 1175 ejus
678 1120 839 1173 legendi
864 1120 1032 1172 copiam
1056 1118 1204 1163 facias,

320 1199 398 1241 W.
427 1198 613 1240 Unicum
645 1197 750 1238 mihi
774 1208 837 1239 est
863 1199 1098 1249 exemplum
1116 1227 1131 1248 ‚
1163 1197 1289 1250 idque
1309 1206 1492 1241 tractam-

262 1277 318 1318 do
353 1274 604 1326 scholisque
641 1272 841 1314 habendis
880 1271 1067 1313 attritum
1107 1285 1153 1314 ac
1197 1285 1327 1325 paene
1370 1273 1480 1316 laces

257 1366 383 1406 rumg,
439 1352 557 1404 quod
606 1362 749 1392 vereor
787 1362 840 1392 ne
878 1348 1073 1390 manibus
1113 1349 1258 1402 cupidi
1306 1349 1478 1393 lectoris

259 1430 535 1473 commissum
564 1428 732 1480 penitus
757 1435 1001 1469 conteratur
1020 1437 1059 1468 et
1082 1436 1236 1478 pereat.
1297 1427 1378 1469 Sed
1401 1441 1480 1480 op-

260 1518 445 1563 portune
479 1506 520 1546 in
555 1513 733 1544 mentem
774 1502 878 1542 mihi
914 1502 1029 1543 venit
1054 1502 1290 1543 Scholtenii
1316 1502 1482 1553 nostri,

264 1586 338 1639 qui
362 1585 438 1626 has
466 1581 631 1625 audivit
656 1579 828 1621 scholas
856 1591 903 1620 ac
925 1577 1179 1629 descripsit,
1208 1587 1278 1629 et,
1312 1590 1395 1630 qua
1422 1587 1488 1620 est

261 1662 550 1710 humanitate,
581 1668 720 1698 earum
744 1654 846 1697 Tibi
879 1666 1005 1695 usum
1034 1653 1157 1695 facile
1178 1653 1483 1696 commodabit.>

317 1735 412 1779 ΡΗ.
442 1735 552 1776 Bene
584 1740 729 1774 mones
751 1760 766 1781 ,
808 1740 848 1771 et
883 1729 1062 1773 faciam:
1093 1738 1135 1770 at
1175 1741 1286 1771 nunc
1330 1731 1476 1773 saltem
1504 1731 1506 1733 ’

263 1810 606 1854 distributionem
642 1820 689 1849 ac
726 1817 864 1860 partes
901 1805 1039 1847 totius
1082 1805 1304 1857 materiae,
1338 1819 1481 1849 recena

268 1900 373 1931 seas.

326 1964 398 2006 W.
425 1962 563 2004 Modo
591 1972 761 2015 possem
780 1989 795 2010 ‚
826 1957 1109 2009 philalethes,
1145 1958 1343 2000 faceremt
1373 1970 1487 2002 nunc

264 2051 342 2083 nec
367 2037 612 2090 singillatim
639 2036 695 2077 ita
734 2046 879 2076 omnes
904 2046 951 2074 ex
977 2033 1123 2075 ordine
1159 2044 1297 2086 partes
1332 2045 1490 2074 memo-

266 2116 365 2156 riter
389 2114 553 2155 reddere
581 2111 706 2153 facile
731 2122 820 2153 est:
852 2123 928 2154 nec
953 2112 1059 2152 liber·
1080 2109 1124 2152 in
1147 2117 1351 2163 promptu
1388 2117 1484 2160 est,

267 2204 315 2232 ut
338 2203 384 2231 ex
413 2190 660 2244 migratione
684 2203 778 2231 cum
803 2190 897 2231 aliis
922 2188 1134 2231 confusus
1156 2197 1196 2229 et
1219 2188 1367 2230 latens.
1416 2187 1486 2230 Ne

266 2279 366 2309 vero
402 2266 578 2307 omnino
616 2266 802 2307 studium
841 2265 1245 2316 festinationemque
1278 2275 1391 2306 tuam
1419 2266 1489 2307 de·

270 2345 470 2394 stituam,
503 2343 603 2384 satis
635 2355 792 2394 quaeso
818 2344 968 2385 habeas
1005 2353 1070 2383 me
1095 2343 1289 2384 universe
1324 2352 1364 2384 et
1396 2343 1492 2385 bre-

279 2420 449 2462 vissime
474 2419 606 2461 libelli
632 2431 876 2475 argumenta
900 2419 1179 2473 habitumque
1200 2419 1450 2475 significare.

1387 2497 1482 2545 PH.
