1693 3110
307 191 386 242 DE
415 190 930 239 IMMORTALITATE
966 187 1164 233 ANIMI.
1262 187 1349 232 621¹

198 318 380 364 Primum
406 319 531 373 igitur
556 316 690 359 Stoici
713 316 763 358 ab
792 314 1019 357 Aristotele
1040 323 1080 354 et
1108 309 1281 354 Platone
1305 309 1348 351 in
1371 321 1585 374 seca-vult

138 404 192 440 eo
218 398 532 446 dissenserunt,
564 405 610 436 ut
636 394 836 436 Animum
868 402 1114 444 corporeum
1150 401 1241 430 esse
1265 398 1351 430 sta.
1369 369 1486 402 ΜΨ·

145 481 340 524 tuerent3
373 483 460 513 non
500 469 662 522 quidem
687 479 735 509 ut
757 480 849 509 eum
878 467 962 508 vim
993 466 1199 519 quandam
1225 473 1266 506 et
1291 473 1357 505 at-

144 547 354 589 tributum
388 546 594 599 Corporis
620 544 838 595 animalis,
869 544 970 594 sed,
1001 553 1048 583 ut
1075 542 1354 584 substantiam

142 635 384 676 corpoream
415 635 507 665 esse
541 622 739 665 dicerent.
803 622 914 664 Nam
953 632 1081 674 quum
1113 633 1177 662 res
1208 626 1352 661 omnes·

138 700 184 742 in
218 709 441 755 corporeas
471 707 510 740 et
541 701 812 754 incorporeas
845 697 1169 748 distribuerent,
1212 695 1353 737 incor-

138 786 287 827 poreas
314 784 472 816 tanturn
498 785 682 826 quatuor
699 772 936 815 faciebant:
965 774 1102 816 λεκτὸν
1131 771 1196 824 (i.
1211 781 1246 813 e.
1269 778 1357 810 ter·

141 851 299 890 minum
329 861 362 891 s.
403 848 576 901 ideam)
607 851 819 904 spatium,
855 847 1011 899 locum,
1043 857 1232 903 tempas:
1261 844 1358 886 reli:

140 937 249 976 quas
275 938 421 967 omnes
446 926 638 978 Corpora
665 937 755 967 esse
779 925 993 967 volebant.
1036 925 1180 978 Ergo,
1203 935 1356 966 secuno

141 999 241 1040 dum
267 1012 410 1041 eorum
439 1002 715 1052 sententiam,
747 1001 966 1052 pleraeque
997 1011 1143 1042 omnes
1173 1011 1238 1040 res
1261 1011 1357 1040 cor-

141 1088 290 1129 poreae
314 1087 453 1127 erant,
470 1088 575 1128 quae
599 1076 721 1118 hodie
746 1077 1019 1118 Substantias
1041 1086 1080 1117 et
1097 1075 1355 1117 Academia

141 1163 373 1205 vocantur,
396 1154 582 1205 exceptis
610 1164 790 1205 quatuor
814 1154 920 1197 illis:
954 1154 1041 1196 vid.
1074 1153 1228 1196 Sextus
1251 1140 1375 1195 Em:

140 1229 304 1283 piricus
335 1232 447 1273 Adv.
481 1229 687 1273 Mathem.
712 1232 767 1274 X.
785 1236 879 1284 718.
914 1231 995 1273 Sed
1016 1231 1066 1271 de
1091 1230 1183 1284 ipsa
1207 1229 1353 1272 Animi

138 1308 286 1347 natura
309 1319 393 1348 non
415 1319 558 1348 omnes
584 1306 688 1349 idem
705 1307 964 1349 sentiebant:
986 1306 1056 1349 alii
1078 1319 1127 1349 ex
1140 1307 1258 1358 a‘e're‚
1279 1306 1352 1349 alii

138 1395 187 1424 ex
211 1383 306 1436 igne
321 1413 335 1434 .,
351 1384 421 1425 alii
442 1396 491 1425 ex
513 1384 664 1436 spiritu
688 1384 823 1425 calido
839 1414 852 1435 ‚
867 1383 1107 1426 conFectum
1128 1396 1220 1426 esse
1244 1385 1354 1426 dice-

141 1459 267 1503 bant:
293 1460 377 1502 vid.
409 1461 618 1514 Diogenes
645 1458 786 1502 Laert.
811 1460 906 1502 VlI.
943 1462 1048 1514 156,
1083 1471 1176 1512 157.
1197 1461 1354 1503 Cicero

138 1538 276 1580 Acad.
292 1537 324 1581 Ι.
342 1547 402 1581 12.
427 1537 864 1580 Pseudo-Plutarchus
878 1537 926 1578 de
943 1537 1086 1581 Placit.
1103 1537 1208 1582 Phil.
1223 1537 1294 1583 lv.
1311 1550 1354 1591 3,,

133 1611 187 1656 In
212 1614 292 1656 hoc
317 1623 450 1656 tamen
475 1623 761 1657 convenerunt
777 1644 792 1665 ‚
810 1623 858 1656 ut
881 1613 1079 1656 Animum
1102 1613 1352 1657 Divinitatis

137 1690 382 1743 participem
417 1690 632 1742 facerent,
675 1691 836 1743 quippe
880 1690 1132 1733 Animalium
1167 1691 1350 1734 Animos

139 1775 278 1818 partes
301 1778 392 1808 esse
415 1766 588 1808 Animae
610 1766 792 1818 Mundi3
825 1777 865 1809 et
892 1778 1027 1810 tamen
1051 1769 1158 1810 hanc
1174 1770 1352 1812 Immor-

140 1841 288 1892 talem,
308 1841 406 1882 illos
431 1842 627 1883 mortales
654 1843 919 1886 statuebant:
944 1844 1030 1889 vid.
1052 1846 1182 1900 Diog.
1204 1846 1349 1892 Laert.

136 1916 171 1959 1.
202 1928 242 1959 c.
303 1916 513 1959 Nimirum
545 1918 655 1972 ignis
691 1919 760 1960 ille
793 1931 931 1963 rerum
963 1922 1109 1975 opifex
1144 1924 1261 1978 (πῦρ
1284 1944 1353 1970 τε·

138 1993 307 2048 χνικὸν)
337 1994 411 2045 qui
440 2005 504 2036 est
537 1994 652 2037 Deus
693 2004 733 2037 et
760 1997 913 2039 Anima
945 1997 1129 2052 Mundi,
1161 2012 1350 2055 penetrat

137 2066 413 2121 sanguinem,
444 2069 567 2123 cuius
605 2070 759 2124 spiritu
791 2080 831 2112 et
863 2083 1017 2127 vapore
1049 2086 1219 2119 constat
1242 2078 1354 2121 Ani-

137 2153 233 2184 mus
255 2143 459 2187 hominis.
518 2146 634 2200 Ergo
656 2147 836 2190 Animus
863 2149 1029 2192 initium
1058 2153 1183 2195 habet
1205 2154 1346 2206 vitae;

140 2223 298 2276 quippe
336 2225 409 2275 qui
443 2234 533 2268 tum
566 2226 729 2267 demum
758 2226 928 2278 existit,
966 2240 1097 2282 quum
1131 2231 1352 2284 sanguinis

141 2307 508 2351 temperamentum
530 2304 573 2345 in
601 2303 784 2347 Animali
815 2314 1012 2347 nascente
1040 2317 1127 2348 eam
1159 2307 1244 2348 vim
1281 2321 1353 2350 na*

140 2388 256 2421 ctum
282 2387 371 2432 est,
403 2391 448 2422 ut
471 2395 492 2423 a
526 2382 684 2425 Divino
710 2383 804 2437 igne
830 2393 1086 2435 penetretur.
1147 2385 1205 2428 Et
1232 2385 1350 2429 Zeno

143 2455 309 2506 quidem
338 2468 477 2499 semen
512 2460 630 2502 virile
662 2461 906 2512 particulam
937 2461 987 2502 ab
1007 2461 1151 2504 Animi
1175 2462 1353 2506 faculta-

142 2529 260 2571 tibus
283 2531 499 2575 delibatam
517 2564 533 2586 ‚
565 2536 675 2577 unde
699 2535 743 2579 in
767 2545 888 2579 utero
915 2539 1059 2580 matris
1085 2539 1263 2581 Animus
1287 2539 1353 2580 im·

139 2602 273 2651 fantis
301 2620 394 2657 cum
419 2610 608 2666 Corpore
632 2612 756 2656 simul
777 2624 1061 2668 procresceret
1079 2644 1093 2667 ‚
1126 2626 1215 2657 esse
1248 2627 1351 2669 pro-

1244 2703 1354 2734 nun.
