1693 3110
365 204 476 251 DE
542 200 980 248 UNITATF.
1048 209 1223 254 DEI.
1323 219 1410 265 37⁷·

186 356 217 385 „
249 339 298 373 ta
321 358 337 382 ‚
389 328 522 372 eodem
567 334 709 367 tamen
752 334 939 381 spectat,
992 335 1041 368 ut
1087 325 1404 382 providentiam

194 437 221 460 ,‚
250 420 378 448 unam
428 416 509 445 esse
553 403 831 444 consentiant.
900 401 997 444 Sive
1037 405 1146 444 enim
1182 403 1401 455 Natura,

195 510 223 535 „
253 486 338 526 sive
366 481 557 530 Aether,
588 479 674 521 sive
711 477 878 530 Ratio,
910 479 996 519 sive
1030 479 1188 530 Mens,
1220 481 1305 522 sive
1325 478 1408 532 fa·

192 587 220 611 „
250 557 352 599 talis
386 556 654 604 Necessitas,
696 555 781 595 sive
809 553 980 596 Divina
1015 553 1143 604 Lex,
1183 556 1267 597 sive
1299 552 1409 609 quid

194 663 221 686 ,.,
250 631 376 674 aliud
401 630 591 672 dixeris:
627 628 738 670 idem
776 637 835 669 est
863 628 979 684 quod
1013 643 1041 669 a
1086 629 1200 671 nobis
1240 629 1403 670 dieitur

193 737 223 762 „
251 707 366 749 Deus
392 720 407 746 :
460 720 534 747 nee
584 704 718 747 obstat
761 703 1095 760 appellationum
1145 703 1402 755 diversitas,

193 813 221 838 „
251 797 375 840 quum
423 786 515 838 ipsa
558 778 865 836 significatione
900 778 961 821 ad
991 794 1122 822 unum
1156 782 1297 820 omnia
1334 793 1406 820 re-

198 890 225 913 „
255 855 533 903 volvantur.”
591 857 746 909 Neque
778 869 876 897 vero
904 868 1115 897 moramur
1137 855 1403 907 Epicureos,

195 934 445 986 similesque
477 933 528 974 iis
567 932 790 982 homines,
833 932 906 982 qui
946 931 1081 973 Deum
1116 931 1283 982 quidem
1318 942 1408 973 non

193 1009 382 1058 tollunt,
413 1008 552 1049 nullas
587 1019 684 1049 vero
720 1007 762 1047 in
793 1007 1014 1048 condendo
1047 1006 1408 1061 gubernandoque

191 1085 350 1127 mundo
383 1092 522 1135 partes
557 1082 596 1124 ei
632 1081 844 1124 tribuunt.
915 1081 1025 1124 Cum
1060 1081 1169 1123 enim
1205 1082 1408 1127 mundum

192 1172 292 1203 suae
332 1160 471 1212 ipsum
518 1169 691 1200 naturae
733 1156 982 1198 necessitate
1028 1157 1204 1198 existere
1248 1157 1411 1209 veiint,

193 1237 310 1280 nulla
340 1236 515 1277 omnino
545 1245 696 1275 caussa
733 1242 795 1273 est
820 1245 945 1283 quare
966 1232 1100 1274 Deum
1129 1244 1220 1274 esse
1248 1233 1407 1275 dicant.

250 1308 406 1364 Neque
432 1322 561 1361 vero,
595 1317 641 1350 ut
665 1308 787 1361 plene
813 1308 1276 1359 constituaturcaussa
1296 1339 1310 1360 ‚
1343 1321 1412 1350 sa-

191 1387 247 1430 tis
283 1396 376 1437 est,
409 1398 492 1427 rem
530 1386 580 1427 de
613 1396 696 1436 qua
728 1383 912 1436 dicitur,
943 1396 975 1426 s.
1011 1384 1241 1437 subjectum
1267 1383 1417 1425 defini-

191 1474 262 1506 re:
294 1461 431 1502 eadem
458 1469 520 1501 est
544 1458 774 1501 adhibenda
802 1459 1019 1512 diligentia
1044 1459 1100 1500 rei
1118 1489 1132 1510 ‚
1164 1461 1213 1500 de
1241 1472 1322 1512 qua
1346 1460 1409 1500 di-

190 1538 304 1580 citur
336 1536 495 1587 altero,
526 1548 561 1575 s.
593 1532 881 1589 praedicat0‚·
917 1543 960 1573 ut
996 1532 1178 1586 perfecte
1203 1534 1410 1588 inteiliga—

196 1622 295 1664 tur‚
340 1623 445 1663 quae
497 1609 554 1651 sit
590 1608 656 1649 vis
701 1608 830 1662 hujus
863 1608 1170 1650 enunciationis
1204 1609 1319 1651 Deus
1354 1619 1415 1653 est

196 1700 317 1731 unus.
377 1685 494 1740 Quid
524 1683 689 1738 igitur?
748 1683 862 1725 Num
903 1695 1069 1736 operam
1109 1697 1411 1729 consumemus

192 1765 388 1814 inanem,
420 1770 468 1802 ut
501 1773 631 1802 unum
659 1758 763 1811 quid
790 1758 844 1800 sit
871 1758 1144 1813 definiamus,
1175 1763 1298 1816 cujus
1332 1775 1412 1805 no-

193 1838 257 1882 tio
296 1847 336 1879 et
375 1837 484 1879 clara
519 1846 583 1878 est
617 1844 658 1877 et
690 1846 766 1889 per
799 1847 844 1876 se
873 1835 968 1888 ipsa
1001 1837 1199 1888 evidenS,
1230 1847 1271 1878 et
1309 1839 1412 1879 sim-

189 1914 288 1967 plex
310 1922 356 1954 ut
387 1912 529 1954 nullae
560 1911 647 1954 sint
681 1912 770 1964 ejus
802 1920 969 1963 partes,
1004 1912 1161 1964 quibus
1192 1913 1243 1954 ad
1267 1914 1408 1955 notio.

193 2001 288 2034 nem
316 1988 558 2030 distinctam
583 1999 630 2028 ac
658 1985 941 2028 definitionem
970 1987 1109 2041 possit
1136 1987 1285 2042 redigi.
1332 1990 1415 2031 Su·-

192 2074 334 2122 petest
377 2064 540 2118 igitur,
585 2071 632 2104 ut
679 2062 770 2117 ejus
807 2062 942 2104 varias
985 2061 1316 2116 significationes
1353 2066 1417 2107 di·

196 2142 464 2195 stinguamus
483 2170 497 2191 ,
530 2140 581 2182 ab
610 2139 751 2191 iisque
786 2149 949 2181 ornnem
987 2138 1303 2192 ambiguitatem
1331 2142 1416 2184 cir-

196 2216 562 2269 cumscribamus3
606 2227 657 2258 ne
692 2213 803 2256 forte
843 2225 988 2256 omnes
1022 2226 1119 2266 eos,
1152 2215 1228 2268 qui
1262 2217 1414 2263 dicunt

196 2299 327 2327 unum
357 2302 439 2328 este
460 2290 627 2343 Deum,
658 2290 802 2333 iisdem
829 2289 967 2332 verbis
994 2289 1161 2333 eandem
1188 2303 1269 2332 rem
1298 2292 1410 2335 dice·

200 2373 244 2404 re
275 2369 489 2413 putemus.
560 2370 622 2404 Ac
659 2367 796 2419 primo
845 2365 1012 2417 quidem
1046 2365 1186 2408 omnis
1216 2379 1278 2409 res
1310 2381 1417 2420 quae

200 2446 265 2481 est
303 2437 367 2477 vel
410 2448 501 2478 esse
533 2446 674 2489 potest
710 2450 731 2479 a
757 2439 1068 2493 Metaphysicis
1094 2452 1268 2485 vocatur
1292 2444 1416 2495 Una,

203 2511 325 2566 eique
358 2511 558 2556 tribuitur
601 2512 757 2557 Unitas
794 2525 869 2564 ea,
901 2527 1008 2566 quae
1043 2515 1334 2570 proficiscitur
1367 2531 1419 2564 ex

805 2591 844 2631 A
858 2603 878 2630 a
908 2603 935 2645 5
1305 2594 1422 2648 prin.
