1693 3110
375 199 462 255 634
684 197 1305 249 DISPUTATIO

181 323 273 365 sect.
292 333 348 386 rx,
373 322 454 363 ciie
473 331 537 364 est
571 321 622 363 ad
661 323 1001 368 existimandum.
1062 325 1205 381 HuJ'us
1238 327 1322 371 fuit
1350 327 1590 385 discipulus

223 380 354 453 ςθῗέζῖῗ
375 411 548 451 ΒῙοΝ,
579 399 929 455 Borysthenites‚
960 403 1083 457 cujus
1116 403 1310 447 feruntur
1340 417 1460 450 acute
1493 411 1588 463 quis

147 459 348 497 'emnam'
378 480 469 521 dem
485 506 501 529 ‚
531 477 604 518 sed
627 478 782 531 impie,
806 479 913 520 dicta
937 481 1094 524 multa:
1116 482 1302 534 quicum
1327 491 1457 526 totam
1478 485 1586 529 hanc

367 554 675 610 Philosophiae
709 566 897 610 partem,
930 571 1037 611 quae
1065 570 1129 602 est
1159 561 1211 602 de
1242 560 1396 605 Divina
1431 564 1583 607 natura

364 641 409 673 et
442 631 697 675 Animorum
735 633 1088 689 Immortalitate‚
1129 636 1276 679 acerbe
1305 639 1585 692 exagitasset,

363 710 462 764 ipse
492 720 635 754 tamen
672 712 824 756 morbo
862 723 1084 766 correptus
1112 715 1163 755 ad
1187 715 1337 757 anilem
1368 714 1586 757 descendit

361 787 737 841 superstitionem,
767 801 844 832 nec
868 789 954 831 fere
972 790 1108 831 ullum
1131 790 1379 832 intentatum
1406 789 1582 842 reliquit

361 876 493 918 genus
533 864 862 918 incantationis,
906 868 991 919 qua
1024 867 1212 910 Deorum
1248 867 1350 910 iram
1376 867 1581 923 placaret,

360 940 463 985 Vid.
493 941 707 996 Diogenes
737 943 879 985 Laert.
906 944 980 988 IV.
1012 947 1084 997 46.
1116 957 1208 997 seq.

408 1021 548 1075 Igitur
564 1033 614 1063 ex
630 1023 838 1076 ejusmodi
863 1023 1076 1065 doctrinae
1099 1023 1295 1066 fontibus
1319 1024 1441 1066 fluxit
1461 1033 1574 1066 EPI-

351 1111 380 1140 ο
396 1112 469 1140 UR
485 1110 549 1140 us
566 1129 579 1149 ‚
612 1099 686 1151 qui
721 1111 872 1141 novam
901 1100 992 1152 ipse
1014 1099 1202 1140 condidit
1223 1108 1379 1141 sectam
1396 1128 1411 1149 ‚
1439 1097 1570 1150 cujus

347 1176 569 1216 maximam
609 1184 765 1228 partem
808 1176 959 1217 sumsit
991 1190 1014 1218 a
1045 1175 1326 1227 Democrito,
1355 1173 1401 1215 in
1425 1172 1574 1214 Mora-

349 1250 384 1292 li
421 1263 520 1293 vero
554 1251 783 1304 disciplina
819 1253 991 1294 retinuit
1026 1252 1158 1293 muita
1191 1252 1244 1292 ab
1276 1249 1502 1301 Aristippo
1526 1257 1570 1289 et

352 1325 588 1368 Theodoro
612 1327 767 1370 Atheo.
826 1325 971 1378 Hujus
1002 1337 1101 1377 ergo
1128 1333 1263 1365 sectae
1292 1323 1460 1374 placitis
1488 1321 1568 1364 Di-

346 1405 447 1448 vina
479 1402 745 1445 Providentia
778 1411 819 1443 et
848 1402 1098 1443 Animorum
1122 1400 1420 1441 Immortalitas
1446 1397 1568 1450 peni·

350 1491 421 1523 tus
444 1480 676 1523 tollebatur
701 1490 827 1530 atque
850 1477 1167 1531 explodebatur.
1227 1475 1366 1529 Quare
1392 1475 1493 1516 mihi
1513 1487 1564 1517 eo

342 1559 486 1601 minus
508 1557 732 1598 dicendum
758 1563 822 1596 est
844 1554 893 1594 de
917 1551 1223 1606 Epicureorum
1248 1552 1557 1606 Psychologia:

330 1626 441 1675 'cum
456 1665 470 1685 ‚
504 1632 603 1686 quia
625 1631 847 1683 proposita
872 1628 1066 1681 quaestio
1097 1617 1274 1670 refertur
1295 1629 1347 1670 ad
1365 1641 1439 1671 eos
1461 1629 1562 1671 Phi-

340 1710 583 1764 losophos‚
618 1708 692 1760 qui
717 1717 924 1748 remanere
949 1705 1111 1758 aliquid
1143 1715 1243 1758 post
1282 1705 1387 1747 hanc
1425 1705 1556 1750 vitam

338 1795 612 1838 statuerunt3
644 1794 732 1825 tum
774 1784 872 1835 quia
903 1782 1125 1835 peculiaris
1157 1782 1460 1834 disputationis
1492 1795 1559 1826 ar-

338 1870 585 1917 gumentum
623 1872 713 1911 est,
744 1858 926 1900 rationes
953 1858 1264 1911 Epicureorum
1299 1870 1556 1902 commemo-

332 1950 447 1980 rare:
479 1946 570 1978 tum
596 1935 807 1987 denique,
839 1934 939 1987 quia
972 1945 1117 1975 eorum
1145 1933 1298 1987 placita
1319 1934 1422 1975 adeo
1448 1942 1550 1974 sunt

325 2015 375 2057 in
409 2014 569 2066 vulgus
604 2021 737 2064 nota,
781 2019 829 2053 ut
862 2023 985 2053 nemo
1018 2009 1142 2052 facile
1171 2011 1222 2051 ab
1256 2009 1543 2062 Antiquitatis

330 2089 578 2144 cognitione
611 2088 669 2131 ita
702 2090 759 2131 sit
801 2097 1016 2140 remotus,
1049 2097 1099 2129 ut
1134 2099 1179 2129 ea
1215 2088 1398 2141 ignoret.
1462 2087 1547 2131 Ce-

327 2178 460 2209 terum
477 2197 493 2218 ‚
520 2166 731 2219 rationes,
756 2165 915 2219 quibus
937 2165 1290 2207 Immortalitatem
1307 2166 1543 2208 convellere

326 2244 578 2300 studebant,
609 2245 859 2301 complexus
888 2252 953 2287 est
977 2241 1206 2290 Lucretius
1257 2241 1366 2287 libro
1395 2241 1537 2286 tertio.

161 1036 334 1081 Epicurei.

1420 2623 1539 2670 SE-
