1693 3110
487 178 1154 251 PARENTAEfm
1349 184 1433 260 3&

201 325 300 384 [os3
333 329 418 385 ipsi
443 340 514 381 se,
540 324 794 370 vestimenta
816 336 922 376 sua,
961 337 1143 379 equum,
1171 315 1432 368 insti-umen?

208 395 299 451 ium
338 416 530 462 equestre
554 416 601 445 ac
637 402 817 444 militare
846 413 984 445 totum
1001 432 1017 454 ,
1047 413 1241 444 curarent
1266 412 1306 444 et
1329 414 1433 456 pur-

208 493 384 538 garent,
430 479 640 523 staffilum
677 487 944 530 exterrerent,
989 477 1197 520 vilissima
1239 490 1434 532 quaeque

208 558 441 603 ministeria
475 557 669 600 obirent:
704 554 820 606 quod
859 552 1057 607 profecto
1094 553 1437 597 adolescentibus

207 634 338 678 libere
365 634 502 687 natiS‚
535 629 763 675 liberaiiter
797 631 1013 683 educatis,
1047 629 1271 672 Musarum
1304 629 1440 674 alum'·

207 711 306 765 nis,
346 712 368 754 ὲ
407 718 622 765 parentum
669 719 932 760 suorumque
963 707 1059 751 sinu
1096 707 1312 761 abreptis,
1354 707 1435 751 ini-

210 777 343 842 iluum
383 796 424 828 et
458 786 680 841 indignum
713 784 957 838 accidebat,
1001 795 1232 837 eorumque
1273 784 1441 827 animos

212 863 345 917 magis
364 864 488 905 etiam
514 862 565 904 ab
602 861 733 916 huJ'us
771 860 943 902 militiae
973 872 1125 903 caussa
1162 860 1437 906 abalienabat⁰

211 928 366 997 Finitis
392 937 602 988 induciis,
629 949 737 990 quae
763 934 926 978 fuerant
950 937 974 978 ὰ
1005 936 1206 981 Calendis
1224 932 1363 992 Juniis
1389 937 1441 980 ad

210 1010 312 1057 Idus
324 1015 544 1067 Augustas
562 1043 577 1066 ‚
604 1013 832 1056 mittuntur
852 1013 1171 1067 Magontiacum
1187 1014 1312 1066 ‚inde
1337 1015 1444 1056 ulte-

210 1083 302 1133 rius
326 1087 723 1142 mittendiLipsiam
748 1102 892 1131 versus
906 1089 1226 1141 Dresdamque‚
1249 1089 1322 1130 ubi
1338 1099 1442 1131 tunc

214 1155 355 1208 omnis
387 1165 487 1206 belli
520 1164 704 1218 impetus
727 1164 997 1208 constiterat.
1042 1161 1196 1219 Neque
1222 1173 1359 1206 tamen
1388 1176 1442 1206 eo

211 1250 524 1298 pervenerunt,
554 1241 627 1283 sed
650 1241 758 1282 inter
782 1239 987 1282 Moenum
1016 1240 1309 1293 Saxoniaeque
1330 1239 1438 1284 fines

210 1313 463 1377 haeserunt5
497 1319 586 1361 sive
617 1319 735 1372 quod
769 1319 820 1360 ad
846 1317 945 1360 belli
972 1330 1094 1360 usum
1129 1318 1317 1360 nondum
1339 1317 1446 1360 satis

211 1398 427 1442 exercitati
452 1407 749 1441 censerentur:
795 1398 886 1440 sive
921 1397 1039 1450 quod
1076 1409 1175 1439 mox
1211 1396 1442 1438 Francicus

211 1459 456 1527 exercitus,
501 1472 718 1516 inclinatis
753 1471 912 1525 rebus,
947 1471 1132 1514 reditum
1157 1472 1207 1513 ad
1242 1470 1442 1513 Rhenum

209 1542 450 1595 moliretur.
521 1550 664 1605 Cujus
703 1549 863 1590 reditus
895 1561 991 1601 pars
1026 1548 1109 1590 fuit
1145 1549 1347 1601 praelium
1385 1549 1440 1591 ad

209 1612 477 1679 HanOVIam,
498 1627 676 1681 ejusque
699 1625 817 1666 urbis
840 1624 1077 1667 incendium
1092 1655 1108 1677 ‚
1129 1635 1306 1667 exeunte
1327 1637 1443 1667 men-

214 1715 260 1747 se
291 1702 499 1746 Octobri:
536 1704 586 1745 de
625 1702 784 1755 quibus
821 1703 872 1743 ad
903 1713 1006 1744 suos
1041 1702 1211 1744 Leidam
1246 1703 1440 1755 scripsit.

213 1779 305 1823 Hae
322 1779 579 1822 novissimae
593 1778 683 1833 ejus
710 1777 826 1819 suere
846 1777 1007 1820 literae.
1041 1777 1164 1819 Brevi
1186 1777 1294 1819 enim
1320 1786 1444 1831 post-

208 1846 260 1900 'ea
294 1856 385 1910 ipse
421 1865 460 1897 et
496 1854 595 1905 alii,
628 1855 702 1908 qui
724 1867 806 1897 una
839 1866 936 1896 cum
973 1866 1022 1895 co
1046 1853 1096 1896 ad
1119 1852 1444 1907 Magontiacum

211 1922 359 1986 ¹erant,
392 1933 732 1983 commilitones,
766 1932 886 1984 cquis
914 1932 1115 1982 ademtis,
1135 1929 1315 1983 pedibus
1338 1929 1445 1984 Tre·

214 2011 332 2053 viros
357 2011 414 2052 ire
434 2010 655 2065 jubentur.
713 2008 815 2065 Quo
840 2021 971 2061 quum
994 1999 1142 2061 magna
1165 2019 1260 2048 cum
1282 2018 1444 2048 aerum-

216 2099 270 2130 na
286 2119 300 2140 ‚
327 2100 400 2141 per
424 2088 666 2140 complures
684 2085 858 2139 pluvios
883 2085 1079 2136 deinceps
1094 2084 1182 2125 dies
1199 2114 1213 2135 ‚
1229 2096 1301 2136 per
1322 2083 1450 2125 itine-

214 2159 423 2206 'railluvie
446 2159 706 2216 stagnantia,
728 2172 768 2203 et
791 2158 988 2203 amnibus
1002 2160 1176 2203 concisa
1196 2159 1448 2202 exundanti·

223 2239 331 2292 bus,
359 2241 523 2282 tandem
549 2240 723 2282 eluctati
746 2238 1036 2292 pervenissent
1055 2268 1069 2289 ‚
1095 2224 1285 2280 Haanius
1309 2236 1448 2280 conti-

226 2325 314 2355 nuo
333 2314 375 2355 in
394 2316 554 2356 letalem
571 2315 763 2357 morbum
782 2314 947 2356 incidit.
975 2313 1041 2354 lbi
1056 2324 1144 2355 tum
1161 2314 1340 2368 insignis
1352 2325 1448 2367 erga

225 2400 320 2430 eum
349 2389 448 2431 sides
475 2399 515 2431 et
538 2403 637 2433 cura
661 2391 1001 2434 commilitonum
1025 2391 1215 2442 exstitit,
1244 2392 1316 2443 qui
1330 2401 1450 2432 recu·

229 2474 369 2505 santes
394 2465 436 2506 in
461 2463 628 2508 'xiiilitari
654 2467 960 2509 valetudinario
982 2478 1075 2507 eum
1098 2466 1338 2515 collocare,
1363 2464 1450 2516 pri-

224 2552 368 2601 yatum
410 2544 700 2598 mundumque
745 2543 1006 2587 domicilium
1048 2543 1084 2586 ei
1121 2544 1450 2591 conduxerunt,

1385 2629 1459 2661 coe·
