1693 3110
483 153 1164 210 ΡΑΙὶΕΝῬΑΕΙΑ.μ
1345 165 1445 218 3551-

214 285 328 338 jecto
361 290 551 334 tempore
574 279 619 321 in
658 279 800 321 locum
826 276 953 320 Primi
978 281 1204 322 successit.
1267 286 1437 330 Amste.

208 357 360 398 iodami
395 356 615 405 habitanS,
646 353 696 395 ad
730 365 795 394 me
831 353 945 394 venit
975 364 1117 393 recens
1145 352 1435 398 professorem

209 433 524 487 perhumaniter
550 431 808 479 salutatum,
840 427 1045 478 affirmans
1079 439 1143 476 me
1179 428 1261 470 sibi
1291 442 1440 481 quam-

211 522 334 562 quam
372 509 422 551 ab
453 508 546 550 aliis
584 505 955 554 commendatum,
986 513 1125 546 tamen
1154 515 1308 556 sponte
1331 498 1447 554 con-v

211 588 398 636 c-iliatum
424 598 544 637 esse3
572 583 689 637 quod
714 594 820 635 ego,
845 580 942 622 item
973 593 1018 622 ut
1043 582 1136 633 ipse
1152 612 1166 632 ‚
1198 571 1442 632 Literarum'

212 661 499 715 cognitionem
526 662 576 701 ad
598 659 828 701 Historiam
855 656 1158 708 Philosophiae
1181 657 1443 717 retulissem..

213 737 310 779 Hoc
338 736 421 778 fuit
444 737 610 778 initium
631 744 798 778 nostrae
818 733 1163 786 conjunctionis:
1193 746 1298 786 quae
1320 734 1438 776 dein-

214 828 342 868 ceps,
357 817 453 856 dum
480 817 603 856 ambo
628 813 930 854 Amstelodami
952 811 1115 852 fuimus
1133 841 1148 863 ,
1171 812 1329 854 mutuis
1349 812 1442 865 offi-

215 894 323 942 ciis,
350 892 500 933 multis
528 889 826 942 congressibus
864 901 910 928 ac
940 889 1207 930 sermonibus
1240 888 1438 942 frequen-

212 975 297 1009 tata
319 976 398 1009 est.
456 967 608 1008 Decem
633 966 753 1008 annis
779 974 877 1018 post
916 964 937 1017 (
957 966 1057 1017 1781
1078 967 1129 1016 ),
1163 964 1295 1017 patria
1318 964 1439 1014 subi-

207 1047 255 1081 to
278 1039 387 1081 bello
413 1043 435 1082 a
463 1039 670 1081 Britannis
696 1040 886 1091 perculsa
903 1068 917 1087 .,
953 1050 1080 1079 naves
1106 1049 1274 1087 nostras
1300 1038 1431 1083 inter-

213 1116 474 1169 cipientibus
491 1146 505 1168 ,
531 1125 683 1167 portus
719 1113 1015 1157 obsidentibus
1031 1142 1046 1164 ‚
1071 1112 1259 1153 Societas
1283 1108 1444 1165 Indicav

212 1190 466 1242 Orientalis,
499 1191 597 1242 ipso
628 1202 828 1239 suasore,
861 1191 976 1230 duos
1006 1188 1218 1241 Legatos,
1252 1201 1444 1240 quorum.

214 1269 308 1320 ipse
332 1279 441 1308 unus
462 1266 574 1317 fuit,
606 1266 647 1306 in
674 1264 853 1311 Galliam
882 1266 1030 1316 misit,
1065 1266 1138 1317 qui
1169 1278 1264 1305 cum
1297 1265 1441 1319 Rege,

210 1345 514 1396 Administris,
546 1355 586 1386 et
611 1344 909 1396 Praetoribus,
941 1356 1109 1399 agerent
1143 1346 1193 1386 de
1229 1346 1447 1389 militibus-

208 1421 528 1471 conducendis,
561 1421 830 1472 navibusque
865 1421 1152 1472 instruendis,
1186 1432 1224 1463 et
1247 1423 1270 1470 ὲ
1298 1422 1441 1467 Gallia

209 1495 256 1538 in
282 1495 440 1540 Indiam
467 1496 703 1537 emittendis
720 1525 734 1546 ,
758 1497 809 1537 ad
832 1497 1023 1538 colonias
1053 1497 1275 1546 Societatis
1297 1500 1443 1540 adver-

214 1586 289 1616 sus
323 1571 512 1613 hostium
550 1573 768 1612 incursum
808 1569 1115 1616 defendendas)
1158 1575 1224 1617 lbi
1262 1577 1377 1628 quod
1400 1559 1448 1628 eis

214 1658 424 1701 supererat
459 1648 482 1689 ὲ
517 1646 741 1700 legationis
769 1647 908 1689 officio
935 1650 1170 1701 temporis,
1203 1653 1254 1693 ad
1291 1653 1442 1705 cogni.

210 1725 366 1767 tionem
411 1724 560 1775 urbis,
591 1724 769 1776 populi,
804 1737 998 1778 morum,
1033 1728 1274 1781 regiminis,
1305 1730 1443 1771 homi-

209 1812 342 1851 num,
374 1798 416 1840 in
438 1799 585 1850 primis
612 1798 866 1849 doctorum,
896 1801 1109 1853 contulit,
1147 1814 1185 1842 et
1213 1806 1441 1856 proposito

206 1876 381 1930 negotio
418 1876 561 1918 dextre
601 1876 861 1927 solerterque
896 1885 1096 1928 peracto,
1131 1890 1232 1930 pace
1267 1881 1443 1926 restitu-

208 1961 278 2003 ta,
312 1953 495 2005 (1783)
534 1951 704 1993 domum
745 1951 884 1994 rediit.
954 1952 1112 1996 Interea
1149 1954 1440 2005 dissensiones

205 2028 354 2070 civiles
381 2029 486 2067 inter
511 2027 616 2069 duas
646 2027 902 2068 adversarias
934 2027 1190 2080 reipublicae
1217 2041 1353 2083 partes
1374 2032 1440 2074 in-

204 2114 448 2155 creverant,
482 2113 522 2147 et
557 2103 753 2155 deinceps
784 2104 839 2144 ita
880 2103 1174 2155 invaluerunt,
1210 2115 1256 2146 ut
1282 2107 1332 2148 ad
1356 2118 1442 2150 ma·

205 2180 409 2223 nifestum
441 2180 596 2222 bellum
626 2188 893 2232 spectarent:
927 2182 1046 2231 quod
1078 2182 1333 2234 praevertit,
1363 2183 1443 2224 im-

210 2264 281 2293 mo
313 2257 393 2304 jam
427 2268 649 2298 accensum
700 2256 932 2306 exstinxit,
974 2257 1181 2299 adventus
1219 2257 1440 2301 Borussici

206 2326 412 2368 exercitus
436 2337 626 2378 praetore
648 2331 951 2372 Brunsvrcensi
970 2331 1090 2373 Duce
1113 2334 1136 2386 ζ
1156 2333 1320 2388 1787),
1359 2334 1442 2376 Ves-

207 2410 292 2442 tere
315 2400 418 2453 reip.
444 2400 576 2441 forma
589 2407 783 2445 restituta
801 2435 816 2456 ,
839 2407 1031 2457 partibus
1055 2406 1303 2448 Nassaviels
1327 2421 1433 2450 con-

209 2477 411 2531 firmatis,
432 2476 632 2529 Boersius
657 2478 880 2534 Societatis
902 2481 1067 2533 indicae
1092 2495 1242 2533 caussa
1264 2485 1439 2540 legatio-

887 2558 924 2601 Z
954 2570 981 2613 5
1346 2575 1443 2611 nem
