1693 3110
429 180 764 231 PHAEDONIS
804 180 1147 230 PLATONICh
1316 193 1392 239 13¹

182 310 265 355 sua
289 322 518 364 corporeus
546 322 592 352 ac
620 306 809 350 mortalis
832 316 972 359 esset,
1007 317 1144 349 tamen
1176 305 1402 350 immortae.

177 383 258 432 'lem
282 399 323 431 et
344 398 660 442 permansurum
688 384 781 426 fore
803 386 1021 426 voluntate
1046 384 1153 435 Dei,
1183 386 1308 438 cujus
1328 395 1396 425 sa-

180 463 338 517 pientia
371 472 411 504 et
431 461 595 517 justitia
618 461 661 502 in
688 460 969 514 gubernandis
993 461 1118 504 rebus
1145 461 1275 516 hujus
1300 460 1398 506 uni-‘²

177 542 289 585 versi
310 541 428 584 aliter
449 548 642 582 constare
662 549 751 581 non
769 536 928 591 possit.

704 690 749 746 §-
809 689 867 733 Π.

296 838 597 889 Βαῦἱῑαιὶοηες
625 843 676 888 de
702 843 888 901 simplici
913 837 1068 887 Animi
1095 843 1276 889 naturd.

232 997 365 1052 Quod
389 999 425 1041 si
438 1011 538 1054 ergo
561 997 836 1041 arctissimam
852 996 964 1039 illam
981 1029 996 1049 ‚
1011 1010 1116 1051 quae
1139 998 1338 1041 Animum
1354 1004 1400 1041 et

176 1074 354 1129 Corpus
377 1076 596 1129 continet‚
620 1075 964 1130 conjunctionem
982 1084 1223 1127 spectemus
1238 1077 1400 1127 ‚multa

177 1163 226 1196 se
246 1154 372 1196 nobis
393 1152 570 1195 offerant
592 1164 762 1195 necesse
782 1164 845 1194 est
859 1176 874 1204 9
888 1151 1044 1205 quibus
1056 1163 1105 1194 eo
1116 1151 1398 1206 inducamur,

178 1239 231 1272 ut
254 1229 397 1272 Animi
422 1237 610 1271 naturam
635 1236 880 1283 corpoream
900 1241 992 1271 esse
1015 1238 1225 1282 putemus.
1284 1227 1399 1270 Nam

175 1315 218 1347 et
245 1306 360 1347 nasci
386 1314 427 1346 et
461 1317 645 1346 crescere
680 1314 720 1346 et
753 1305 996 1346 decrescere
1029 1315 1160 1358 atque
1182 1301 1401 1358 exstingui

176 1393 276 1423 cum
298 1381 491 1434 Corpore
517 1381 707 1422 videtutt
739 1381 854 1435 viget
887 1388 927 1423 et
961 1383 1131 1434 languet
1151 1393 1249 1423 cum
1284 1381 1397 1424 Cor·

172 1471 307 1515 pore,
338 1460 512 1501 laetatur
546 1471 643 1501 cum
670 1460 812 1500 eodem
840 1470 881 1501 et
918 1461 1063 1511 dolet,
1093 1461 1270 1514 ejusque
1297 1471 1392 1502 om-

174 1538 303 1582 nibus
328 1538 413 1579 fere
444 1537 616 1579 casibus
648 1546 687 1579 et
720 1536 1029 1579 calamitatibus
1062 1536 1276 1579 obnoxius
1301 1546 1395 1580 ests

175 1615 280 1660 vino
318 1623 359 1656 et
393 1615 603 1666 Corporis
639 1613 881 1664 intemperie
914 1612 966 1654 ad
1008 1612 1212 1654 insaniam
1258 1621 1396 1666 usque

173 1692 460 1747 perturbatur.
502 1689 710 1743 Corporis
734 1701 886 1731 somno
908 1689 1115 1741 Animus,
1148 1701 1279 1742 quum
1303 1698 1399 1731 sen·

178 1768 301 1812 sibus
321 1780 407 1810 non
431 1767 609 1809 fulcitur
627 1775 667 1808 et
690 1765 773 1807 sibi
797 1764 918 1815 solius
943 1765 1223 1817 relinquitur,
1243 1772 1398 1807 temere

173 1854 283 1886 errat
309 1854 349 1885 et
372 1853 532 1896 praeter
557 1845 770 1885 veritatem
798 1850 987 1896 vagatur.
1020 1841 1251 1895 Sanguinis
1271 1842 1397 1884 etiam

173 1921 290 1963 varia
317 1919 561 1973 temperatio
593 1919 731 1960 varios
758 1919 1012 1961 Animorum
1033 1918 1246 1971 impetus,
1278 1918 1400 1960 habia

175 1998 318 2040 iitates
354 2006 396 2040 et
432 1996 722 2050 proclivitates
759 1995 900 2038 efficit.
961 1996 1200 2048 Praeterea,
1233 2005 1280 2037 ut
1304 2004 1399 2038 toto

172 2075 372 2128 Corpore
392 2074 620 2123 sentimus,
655 2074 710 2114 ita
733 2074 916 2115 Animus
951 2084 1125 2126 quoque
1150 2086 1224 2126 per
1252 2081 1394 2115 toturn

175 2151 356 2204 Corpus
377 2150 560 2193 diffusus
579 2160 705 2203 atque
723 2151 935 2193 distentus
958 2162 1052 2192 esse
1071 2149 1251 2193 videtur.
1311 2150 1397 2191 De·-

177 2230 308 2282 nique
321 2260 336 2282 ‚
353 2241 482 2283 quum
504 2230 613 2271 vires
640 2213 916 2281 naturamque
936 2226 1126 2269 materIae
1143 2236 1269 2279 atque
1287 2225 1399 2269 Cor-

175 2317 328 2360 porum
343 2307 415 2348 vix
429 2307 602 2349 minima
615 2314 729 2359 parte
742 2313 980 2358 perspectas
1004 2303 1229 2345 habeamus
1241 2332 1257 2355 ‚
1274 2313 1393 2344 cum·¹

180 2395 260 2436 que
282 2395 474 2436 generum
500 2383 715 2426 individua
740 2383 847 2424 inter
874 2392 917 2423 se
949 2393 1037 2423 non
1070 2379 1163 2422 nisi
1189 2381 1396 2434 graduum

179 2459 415 2503 intervallis
438 2458 658 2512 differant,
691 2468 731 2501 et
761 2457 810 2500 ab
850 2456 998 2499 infimo
1035 2459 1165 2511 gradu
1198 2456 1249 2499 ad
1278 2461 1402 2499 sum·

178 2546 292 2584 mum
312 2548 449 2591 usque
480 2538 675 2592 deinceps
711 2535 991 2579 adscendant:¹
1025 2545 1208 2588 cumque
1234 2528 1398 2587 planta-

833 2611 855 2655 I
882 2619 908 2654 2
1268 2613 1362 2655 mm
1379 2631 1399 2667 2
