1693 3110
259 185 356 244 345.
538 179 1201 227 PARENTALIA.

248 306 355 363 JUffi
393 318 431 348 a.
461 313 731 352 Mnoccxn,
762 302 929 345 duabus
957 302 1114 345 relictis
1147 302 1346 360 filiabus,
1380 323 1486 363 qua.

262 378 355 441 rum
395 380 535 421 minor
571 388 704 431 nupta
740 377 936 421 Lutetiae
959 379 1214 423 Parisiorum
1237 384 1359 427 tertio
1383 364 1488 439 post·

260 458 405 502 matris
427 456 590 498 obitum
616 467 756 498 mense
773 456 982 509 optimum
1004 458 1198 501 maritum
1225 472 1357 503 morte
1378 466 1483 507 ami-

261 536 348 579 sit:
396 535 530 589 major
567 534 681 585 apud
716 544 872 587 patrem
910 535 1045 578 vivit:
1092 541 1166 589 qui
1205 549 1252 580 ut
1287 552 1409 594 saepe
1433 543 1487 585 ad

266 611 487 668 pangenda
500 609 682 654 carmina
705 609 875 654 Musam
890 611 1106 655 invocavit
1129 626 1246 656 suam
1264 645 1279 667 ‚
1295 616 1357 659 sic
1376 618 1483 670 quin

272 700 386 731 nunc
410 695 497 728 eam
522 687 731 737 deflendae
755 687 939 740 optimae
958 689 1080 730 uxori
1101 690 1376 734 invocaturus
1401 694 1490 748 sit,

265 748 354 818 non
377 763 642 807 dubitamus.
677 763 821 818 Major
842 772 988 806 nostra
1001 776 1120 806 soror
1142 766 1164 807 a
1180 766 1354 808 literatis
1367 777 1406 819 et
1419 769 1484 822 ip-

265 853 311 884 sa
332 841 461 894 petita
484 839 626 894 procis
641 871 657 892 ‚
685 849 804 881 nacta
825 839 1019 884 maritum
1034 839 1303 882 Ludovicum
1329 841 1490 886 Gallie..

267 930 371 970 num
388 949 401 971 ,
435 915 603 960 Artium
620 945 636 967 .,
667 925 714 957 ut
739 925 976 968 vocantur,
1001 915 1247 959 Pulcrarum
1271 917 1494 962 Professo-

268 1008 386 1048 rem,
419 994 637 1037 Hanoviae
674 1002 839 1035 mortua
874 1002 937 1035 est
977 1007 1017 1036 a.
1043 1007 1356 1048 Mocczxxtx,
1387 1008 1493 1039 con-

264 1072 376 1129 {ug-ii
411 1069 624 1124 septimo,
656 1068 815 1110 relictis
851 1068 948 1110 item
978 1069 1145 1111 duabus
1183 1069 1380 1129 filiabus,
1412 1072 1493 1129 sed?

265 1129 490 1205 parvulis,
523 1146 567 1187 in
591 1145 723 1187 tute-lai
755 1145 915 1197 patris,
947 1144 1050 1197 qui,
1074 1157 1221 1186 ,earum
1254 1145 1493 1205 institutio?

265 1235 368 1272 ,nem
395 1223 615 1276 diligenter
637 1233 684 1262 ac
710 1222 934 1273 prudenter
957 1222 1226 1275 moderatus,
1257 1233 1391 1275 nuper
1409 1222 1493 1283 ibi7

268 1302 364 1358 dem
413 1298 520 1340 obiit
562 1310 602 1340 a.
646 1310 882 1340 mocccxx.
943 1297 1105 1339 Harum
1136 1308 1313 1350 utraque
1342 1299 1398 1340 in‘
1419 1300 1497 1343 do·

269 1374 499 1426 mesticum
538 1373 561 1415 a
598 1385 663 1414 me
695 1373 942 1416 convictum
976 1382 1167 1425 recepta:
1206 1373 1351 1417 minor
1379 1375 1495 1431 dorni

273 1464 386 1494 meae
416 1449 565 1491 subito
599 1450 749 1491 morbo
777 1449 987 1490 exstincta
1020 1448 1129 1490 obiit
1158 1462 1198 1491 a.
1218 1461 1489 1496 chccncz

271 1527 409 1585 major
433 1525 545 1566 hunc
573 1523 825 1577 vigesimum
845 1532 886 1564 et
903 1523 1085 1576 primum
1112 1536 1266 1567 annum
1291 1528 1404 1579 apud
1430 1540 1497 1571 me

267 1611 370 1657 estu,
396 1608 436 1641 et
458 1599 531 1640 diu
559 1597 631 1640 sit.
691 1596 805 1654 Mihi
827 1596 976 1650 fratri,
1008 1599 1114 1643 terni
1141 1600 1259 1642 illius
1289 1603 1498 1646 consortii

271 1679 442 1738 reliquo
457 1707 472 1728 ,
489 1676 540 1717 ad
554 1674 734 1717 Batavos
761 1674 898 1716 delato
915 1704 930 1727 ‚
962 1674 1006 1716 in
1030 1684 1150 1719 tanto
1172 1687 1376 1719 annorum
1401 1691 1499 1731 spa-

276 1755 341 1797 tio
357 1785 372 1807 ‚
407 1764 576 1795 sorores
593 1763 690 1794 ,non
717 1750 800 1792 nisi
830 1751 956 1792 semel
979 1751 1161 1794 invisere
1184 1754 1323 1798 licuit.
1379 1755 1498 1809 Ergo

272 1840 457 1873 veterem
503 1826 854 1870 consuetudinem
899 1835 1053 1870 mutuo
1100 1828 1380 1872 desiderantes
1398 1860 1414 1882 ,
1457 1842 1500 1875 et

266 1889 553 1958 ,longinquam
591 1915 708 1955 spem
742 1903 860 1944 velut
897 1903 1150 1946 immensum
1191 1914 1301 1948 mare
1323 1918 1501 1960 prospe.

269 1969 473 2032 stantes,
517 1979 765 2022 desiderium
808 1979 941 2022 literis
977 1981 1212 2024 scribendis
1249 1982 1499 2025 consolaba-

265 2040 390 2116 ,lmun
467 2056 662 2117 Utraque
712 2057 855 2098 literas
899 2057 1141 2108 scribebat,
1185 2058 1330 2110 quales
1375 2058 1505 2112 pauci

266 2140 467 2190 ‘possunt
498 2133 680 2185 literati,
720 2142 934 2186 amanter,
980 2132 1143 2184 facete,
1191 2144 1364 2188 argute,
1400 2148 1500 2178 cum

282 2222 420 2253 rerum
454 2208 580 2262 copia
602 2217 641 2250 et
667 2211 898 2262 varietate,
921 2218 969 2258 et
993 2209 1246 2252 narrationis
1269 2211 1411 2253 nativa
1440 2211 1506 2261 fa-

268 2272 474 2342 {cilitate3
508 2294 553 2324 ut
590 2284 862 2344 longissimae
892 2296 1082 2346 quaeque
1105 2285 1293 2327 maxime
1329 2287 1508 2329 delecta-

273 2373 409 2420 rent:
452 2370 628 2413 utraque
656 2373 744 2404 non
779 2364 922 2405 minus
949 2361 1180 2415 probitatis
1209 2372 1250 2405 et
1273 2362 1510 2407 beneficen-

266 2441 395 2494 tiae,
424 2449 551 2494 quam
576 2437 734 2493 ingenii
755 2448 796 2483 et
818 2437 1096 2502 eruditionis,
1126 2438 1238 2485 fama
1251 2439 1422 2500 floruit.

1389 2569 1512 2617 Hace
