<?xml version="1.0" encoding="UTF-8"?>
<!DOCTYPE html PUBLIC "-//W3C//DTD XHTML 1.0 Transitional//EN"
    "http://www.w3.org/TR/xhtml1/DTD/xhtml1-transitional.dtd">
<html xmlns="http://www.w3.org/1999/xhtml" xml:lang="en" lang="en">
 <head>
  <title>
</title>
<meta http-equiv="Content-Type" content="text/html;charset=utf-8" />
  <meta name='ocr-system' content='tesseract 3.04.00' />
  <meta name='ocr-capabilities' content='ocr_page ocr_carea ocr_par ocr_line ocrx_word'/>
</head>
<body>
  <div class='ocr_page' id='page_1' title='image "./opusculavariiarg02wytt_0053.png"; bbox 0 0 1693 3110; ppageno 0'>
   <div class='ocr_carea' id='block_1_1' title="bbox 473 154 1427 214">
    <p class='ocr_par' dir='ltr' id='par_1_1' title="bbox 473 154 1427 214">
     <span class='ocr_line' id='line_1_1' title="bbox 473 154 1427 214; baseline -0.009 -8"><span class='ocrx_word' id='word_1_1' title='bbox 473 161 581 206; x_wconf 78' lang='lat' dir='ltr'>AD</span> <span class='ocrx_word' id='word_1_2' title='bbox 648 154 1171 211; x_wconf 18' lang='lat' dir='ltr'><strong>HEUSKDIUM.</strong></span> <span class='ocrx_word' id='word_1_3' title='bbox 1374 171 1427 214; x_wconf 67' lang='lat'>39</span> 
     </span>
    </p>
   </div>
   <div class='ocr_carea' id='block_1_2' title="bbox 185 279 1423 1856">
    <p class='ocr_par' dir='ltr' id='par_1_2' title="bbox 204 279 1423 934">
     <span class='ocr_line' id='line_1_2' title="bbox 207 279 1423 341; baseline -0.008 -10"><span class='ocrx_word' id='word_1_4' title='bbox 207 287 292 331; x_wconf 84' lang='lat' dir='ltr'>hoc</span> <span class='ocrx_word' id='word_1_5' title='bbox 324 297 468 341; x_wconf 83' lang='lat' dir='ltr'>genere</span> <span class='ocrx_word' id='word_1_6' title='bbox 503 284 739 335; x_wconf 81' lang='lat' dir='ltr'>complures</span> <span class='ocrx_word' id='word_1_7' title='bbox 771 279 1025 321; x_wconf 78' lang='lat' dir='ltr'>imitationes</span> <span class='ocrx_word' id='word_1_8' title='bbox 1053 279 1239 321; x_wconf 88' lang='lat' dir='ltr'>nondum</span> <span class='ocrx_word' id='word_1_9' title='bbox 1259 310 1272 331; x_wconf 83' lang='lat'><strong>‚</strong></span> <span class='ocrx_word' id='word_1_10' title='bbox 1304 281 1423 332; x_wconf 85' lang='lat' dir='ltr'>quod</span> 
     </span>
     <span class='ocr_line' id='line_1_3' title="bbox 207 357 1421 415; baseline -0.007 -9"><span class='ocrx_word' id='word_1_11' title='bbox 207 365 361 415; x_wconf 81' lang='lat' dir='ltr'>sciam,</span> <span class='ocrx_word' id='word_1_12' title='bbox 392 377 412 404; x_wconf 82' lang='lat' dir='ltr'>a</span> <span class='ocrx_word' id='word_1_13' title='bbox 438 372 648 415; x_wconf 85' lang='lat' dir='ltr'>quoquam</span> <span class='ocrx_word' id='word_1_14' title='bbox 675 357 1010 408; x_wconf 77' lang='lat' dir='ltr'>animadversas,</span> <span class='ocrx_word' id='word_1_15' title='bbox 1036 369 1233 398; x_wconf 78' lang='lat' dir='ltr'>annotare</span> <span class='ocrx_word' id='word_1_16' title='bbox 1254 369 1317 398; x_wconf 86' lang='lat' dir='ltr'>me</span> <span class='ocrx_word' id='word_1_17' title='bbox 1337 369 1421 397; x_wconf 86' lang='lat' dir='ltr'>me-</span> 
     </span>
     <span class='ocr_line' id='line_1_4' title="bbox 210 433 1420 484; baseline -0.005 -2"><span class='ocrx_word' id='word_1_18' title='bbox 210 441 339 483; x_wconf 80' lang='lat' dir='ltr'>mini:</span> <span class='ocrx_word' id='word_1_19' title='bbox 373 450 412 481; x_wconf 92' lang='lat' dir='ltr'>et</span> <span class='ocrx_word' id='word_1_20' title='bbox 436 437 630 481; x_wconf 77' lang='lat' dir='ltr'>credibile</span> <span class='ocrx_word' id='word_1_21' title='bbox 672 442 768 484; x_wconf 84' lang='lat' dir='ltr'>est,</span> <span class='ocrx_word' id='word_1_22' title='bbox 800 433 936 473; x_wconf 80' lang='lat' dir='ltr'>multo</span> <span class='ocrx_word' id='word_1_23' title='bbox 973 434 1110 483; x_wconf 66' lang='lat' dir='ltr'>plures</span> <span class='ocrx_word' id='word_1_24' title='bbox 1145 445 1208 474; x_wconf 82' lang='lat' dir='ltr'>me</span> <span class='ocrx_word' id='word_1_25' title='bbox 1241 433 1420 484; x_wconf 66' lang='lat' dir='ltr'>fugisse.</span> 
     </span>
     <span class='ocr_line' id='line_1_5' title="bbox 209 507 1420 567; baseline -0.005 -10"><span class='ocrx_word' id='word_1_26' title='bbox 209 515 268 556; x_wconf 89' lang='lat' dir='ltr'>Et</span> <span class='ocrx_word' id='word_1_27' title='bbox 293 513 483 567; x_wconf 73' lang='lat' dir='ltr'>profecto</span> <span class='ocrx_word' id='word_1_28' title='bbox 501 512 556 552; x_wconf 85' lang='lat' dir='ltr'>ita</span> <span class='ocrx_word' id='word_1_29' title='bbox 581 522 625 552; x_wconf 86' lang='lat' dir='ltr'>se</span> <span class='ocrx_word' id='word_1_30' title='bbox 645 521 708 549; x_wconf 81' lang='lat' dir='ltr'>res</span> <span class='ocrx_word' id='word_1_31' title='bbox 734 507 857 549; x_wconf 75' lang='lat' dir='ltr'>habet</span> <span class='ocrx_word' id='word_1_32' title='bbox 872 534 897 558; x_wconf 82' lang='lat'>‚-</span> <span class='ocrx_word' id='word_1_33' title='bbox 920 515 965 547; x_wconf 90' lang='lat' dir='ltr'>ut</span> <span class='ocrx_word' id='word_1_34' title='bbox 992 508 1214 549; x_wconf 80' lang='lat' dir='ltr'>maximum</span> <span class='ocrx_word' id='word_1_35' title='bbox 1236 509 1420 551; x_wconf 68' lang='lat' dir='ltr'>Criticae</span> 
     </span>
     <span class='ocr_line' id='line_1_6' title="bbox 205 583 1416 632; baseline -0.003 -2"><span class='ocrx_word' id='word_1_36' title='bbox 205 588 384 630; x_wconf 80' lang='lat' dir='ltr'><strong>feliciter</strong></span> <span class='ocrx_word' id='word_1_37' title='bbox 412 585 646 627; x_wconf 77' lang='lat' dir='ltr'>tractandae</span> <span class='ocrx_word' id='word_1_38' title='bbox 677 591 933 623; x_wconf 78' lang='lat' dir='ltr'>momentum</span> <span class='ocrx_word' id='word_1_39' title='bbox 976 583 1161 632; x_wconf 86' lang='lat' dir='ltr'>positum</span> <span class='ocrx_word' id='word_1_40' title='bbox 1197 584 1252 624; x_wconf 88' lang='lat' dir='ltr'>sit</span> <span class='ocrx_word' id='word_1_41' title='bbox 1275 585 1318 625; x_wconf 89' lang='lat' dir='ltr'>in</span> <span class='ocrx_word' id='word_1_42' title='bbox 1342 597 1416 627; x_wconf 91' lang='lat' dir='ltr'>co-</span> 
     </span>
     <span class='ocr_line' id='line_1_7' title="bbox 206 657 1418 718; baseline -0.003 -14"><span class='ocrx_word' id='word_1_43' title='bbox 206 661 397 718; x_wconf 89' lang='lat' dir='ltr'>gnitione</span> <span class='ocrx_word' id='word_1_44' title='bbox 423 660 637 711; x_wconf 83' lang='lat' dir='ltr'>fontium,</span> <span class='ocrx_word' id='word_1_45' title='bbox 672 658 781 700; x_wconf 88' lang='lat' dir='ltr'>unde</span> <span class='ocrx_word' id='word_1_46' title='bbox 805 657 988 708; x_wconf 75' lang='lat' dir='ltr'>scriptor</span> <span class='ocrx_word' id='word_1_47' title='bbox 1015 658 1198 708; x_wconf 85' lang='lat' dir='ltr'>quisque</span> <span class='ocrx_word' id='word_1_48' title='bbox 1232 668 1269 698; x_wconf 87' lang='lat' dir='ltr'>et</span> <span class='ocrx_word' id='word_1_49' title='bbox 1294 670 1355 698; x_wconf 87' lang='lat' dir='ltr'>res</span> <span class='ocrx_word' id='word_1_50' title='bbox 1375 671 1418 701; x_wconf 83' lang='lat' dir='ltr'>et</span> 
     </span>
     <span class='ocr_line' id='line_1_8' title="bbox 204 736 1422 791; baseline -0.001 -11"><span class='ocrx_word' id='word_1_51' title='bbox 204 739 330 781; x_wconf 86' lang='lat' dir='ltr'>verba</span> <span class='ocrx_word' id='word_1_52' title='bbox 362 738 575 791; x_wconf 79' lang='lat' dir='ltr'>hauserit3</span> <span class='ocrx_word' id='word_1_53' title='bbox 610 739 767 791; x_wconf 81' lang='lat' dir='ltr'>quippe</span> <span class='ocrx_word' id='word_1_54' title='bbox 801 737 1007 790; x_wconf 81' lang='lat' dir='ltr'>ignoratis</span> <span class='ocrx_word' id='word_1_55' title='bbox 1033 736 1255 789; x_wconf 83' lang='lat' dir='ltr'>fontibus,</span> <span class='ocrx_word' id='word_1_56' title='bbox 1286 739 1422 790; x_wconf 87' lang='lat' dir='ltr'>pluri·</span> 
     </span>
     <span class='ocr_line' id='line_1_9' title="bbox 205 811 1416 855; baseline 0 0"><span class='ocrx_word' id='word_1_57' title='bbox 205 825 368 855; x_wconf 86' lang='lat' dir='ltr'>morum</span> <span class='ocrx_word' id='word_1_58' title='bbox 391 815 583 854; x_wconf 87' lang='lat' dir='ltr'>locorum</span> <span class='ocrx_word' id='word_1_59' title='bbox 608 821 648 853; x_wconf 89' lang='lat' dir='ltr'>et</span> <span class='ocrx_word' id='word_1_60' title='bbox 673 811 920 853; x_wconf 83' lang='lat' dir='ltr'>sententiam</span> <span class='ocrx_word' id='word_1_61' title='bbox 946 820 986 852; x_wconf 89' lang='lat' dir='ltr'>et</span> <span class='ocrx_word' id='word_1_62' title='bbox 1005 821 1266 853; x_wconf 84' lang='lat' dir='ltr'>venustatem</span> <span class='ocrx_word' id='word_1_63' title='bbox 1290 812 1416 855; x_wconf 81' lang='lat' dir='ltr'>latere</span> 
     </span>
     <span class='ocr_line' id='line_1_10' title="bbox 204 899 478 934; baseline -0.007 0"><span class='ocrx_word' id='word_1_64' title='bbox 204 902 375 934; x_wconf 86' lang='lat' dir='ltr'>necesse</span> <span class='ocrx_word' id='word_1_65' title='bbox 398 899 478 932; x_wconf 90' lang='lat' dir='ltr'>est.</span> 
     </span>
    </p>

    <p class='ocr_par' dir='ltr' id='par_1_3' title="bbox 185 963 1420 1856">
     <span class='ocr_line' id='line_1_11' title="bbox 263 963 1416 1021; baseline 0.001 -13"><span class='ocrx_word' id='word_1_66' title='bbox 263 966 346 1008; x_wconf 89' lang='lat' dir='ltr'>Sed</span> <span class='ocrx_word' id='word_1_67' title='bbox 383 967 481 1008; x_wconf 86' lang='lat' dir='ltr'>haec</span> <span class='ocrx_word' id='word_1_68' title='bbox 513 967 709 1018; x_wconf 83' lang='lat' dir='ltr'>pleraque</span> <span class='ocrx_word' id='word_1_69' title='bbox 735 964 800 1006; x_wconf 89' lang='lat' dir='ltr'>Te</span> <span class='ocrx_word' id='word_1_70' title='bbox 826 964 994 1018; x_wconf 65' lang='lat' dir='ltr'>ipsum„</span> <span class='ocrx_word' id='word_1_71' title='bbox 1025 963 1082 1004; x_wconf 86' lang='lat' dir='ltr'>mi</span> <span class='ocrx_word' id='word_1_72' title='bbox 1104 963 1300 1018; x_wconf 79' lang='lat' dir='ltr'>Heusde‚</span> <span class='ocrx_word' id='word_1_73' title='bbox 1330 965 1416 1021; x_wconf 72' lang='lat' dir='ltr'>iam</span> 
     </span>
     <span class='ocr_line' id='line_1_12' title="bbox 199 1039 1415 1093; baseline 0 -9"><span class='ocrx_word' id='word_1_74' title='bbox 199 1054 244 1085; x_wconf 84' lang='lat' dir='ltr'>re</span> <span class='ocrx_word' id='word_1_75' title='bbox 277 1051 318 1083; x_wconf 88' lang='lat' dir='ltr'>et</span> <span class='ocrx_word' id='word_1_76' title='bbox 361 1054 443 1083; x_wconf 86' lang='lat' dir='ltr'>usu</span> <span class='ocrx_word' id='word_1_77' title='bbox 481 1052 694 1093; x_wconf 81' lang='lat' dir='ltr'>expertum</span> <span class='ocrx_word' id='word_1_78' title='bbox 728 1052 843 1092; x_wconf 81' lang='lat' dir='ltr'>esse,</span> <span class='ocrx_word' id='word_1_79' title='bbox 886 1039 1033 1080; x_wconf 89' lang='lat' dir='ltr'>multis</span> <span class='ocrx_word' id='word_1_80' title='bbox 1069 1039 1112 1080; x_wconf 86' lang='lat' dir='ltr'>in</span> <span class='ocrx_word' id='word_1_81' title='bbox 1152 1048 1229 1080; x_wconf 87' lang='lat' dir='ltr'>tuo</span> <span class='ocrx_word' id='word_1_82' title='bbox 1271 1041 1415 1084; x_wconf 85' lang='lat' dir='ltr'>libello</span> 
     </span>
     <span class='ocr_line' id='line_1_13' title="bbox 199 1115 1415 1170; baseline 0 -10"><span class='ocrx_word' id='word_1_83' title='bbox 199 1117 467 1161; x_wconf 83' lang='lat' dir='ltr'>documentis</span> <span class='ocrx_word' id='word_1_84' title='bbox 490 1117 799 1170; x_wconf 79' lang='lat' dir='ltr'>comprobasti:</span> <span class='ocrx_word' id='word_1_85' title='bbox 830 1127 871 1159; x_wconf 86' lang='lat' dir='ltr'>et</span> <span class='ocrx_word' id='word_1_86' title='bbox 895 1129 982 1158; x_wconf 87' lang='lat' dir='ltr'>mea</span> <span class='ocrx_word' id='word_1_87' title='bbox 1001 1116 1100 1159; x_wconf 86' lang='lat' dir='ltr'>haec</span> <span class='ocrx_word' id='word_1_88' title='bbox 1124 1115 1303 1169; x_wconf 85' lang='lat' dir='ltr'>scriptio</span> <span class='ocrx_word' id='word_1_89' title='bbox 1329 1131 1415 1160; x_wconf 86' lang='lat' dir='ltr'>ma-</span> 
     </span>
     <span class='ocr_line' id='line_1_14' title="bbox 199 1194 1416 1248; baseline 0.002 -12"><span class='ocrx_word' id='word_1_90' title='bbox 199 1196 264 1248; x_wconf 82' lang='lat' dir='ltr'>gis</span> <span class='ocrx_word' id='word_1_91' title='bbox 300 1195 502 1247; x_wconf 77' lang='lat' dir='ltr'>pertinuit</span> <span class='ocrx_word' id='word_1_92' title='bbox 539 1195 588 1235; x_wconf 92' lang='lat' dir='ltr'>ad</span> <span class='ocrx_word' id='word_1_93' title='bbox 629 1194 693 1236; x_wconf 88' lang='lat' dir='ltr'>Te</span> <span class='ocrx_word' id='word_1_94' title='bbox 728 1194 1059 1245; x_wconf 77' lang='lat' dir='ltr'>admonendum,</span> <span class='ocrx_word' id='word_1_95' title='bbox 1092 1206 1217 1246; x_wconf 88' lang='lat' dir='ltr'>quam</span> <span class='ocrx_word' id='word_1_96' title='bbox 1251 1196 1302 1238; x_wconf 87' lang='lat' dir='ltr'>ad</span> <span class='ocrx_word' id='word_1_97' title='bbox 1340 1197 1416 1238; x_wconf 79' lang='lat' dir='ltr'>do·</span> 
     </span>
     <span class='ocr_line' id='line_1_15' title="bbox 199 1270 1420 1324; baseline 0.003 -13"><span class='ocrx_word' id='word_1_98' title='bbox 199 1270 394 1314; x_wconf 87' lang='lat' dir='ltr'>cendum.</span> <span class='ocrx_word' id='word_1_99' title='bbox 463 1270 534 1311; x_wconf 87' lang='lat' dir='ltr'>Tu</span> <span class='ocrx_word' id='word_1_100' title='bbox 566 1271 725 1324; x_wconf 82' lang='lat' dir='ltr'>igitur,</span> <span class='ocrx_word' id='word_1_101' title='bbox 766 1270 840 1324; x_wconf 89' lang='lat' dir='ltr'>qui</span> <span class='ocrx_word' id='word_1_102' title='bbox 881 1270 1070 1312; x_wconf 73' lang='lat' dir='ltr'>Platonis</span> <span class='ocrx_word' id='word_1_103' title='bbox 1110 1272 1283 1314; x_wconf 80' lang='lat' dir='ltr'>ornandi</span> <span class='ocrx_word' id='word_1_104' title='bbox 1328 1270 1420 1315; x_wconf 36' lang='lat' dir='ltr'>sta-⁸</span> 
     </span>
     <span class='ocr_line' id='line_1_16' title="bbox 199 1346 1413 1404; baseline 0.002 -14"><span class='ocrx_word' id='word_1_105' title='bbox 199 1347 314 1390; x_wconf 87' lang='lat' dir='ltr'>diurn</span> <span class='ocrx_word' id='word_1_106' title='bbox 350 1346 406 1389; x_wconf 83' lang='lat' dir='ltr'>ita</span> <span class='ocrx_word' id='word_1_107' title='bbox 441 1346 656 1404; x_wconf 78' lang='lat' dir='ltr'>ingressus</span> <span class='ocrx_word' id='word_1_108' title='bbox 683 1347 770 1400; x_wconf 85' lang='lat' dir='ltr'>sis,</span> <span class='ocrx_word' id='word_1_109' title='bbox 803 1357 851 1389; x_wconf 89' lang='lat' dir='ltr'>ut</span> <span class='ocrx_word' id='word_1_110' title='bbox 879 1347 1061 1401; x_wconf 87' lang='lat' dir='ltr'>primum</span> <span class='ocrx_word' id='word_1_111' title='bbox 1087 1348 1168 1391; x_wconf 88' lang='lat' dir='ltr'>hoc</span> <span class='ocrx_word' id='word_1_112' title='bbox 1201 1351 1413 1403; x_wconf 86' lang='lat' dir='ltr'>specimen</span> 
     </span>
     <span class='ocr_line' id='line_1_17' title="bbox 199 1422 1411 1477; baseline 0.001 -10"><span class='ocrx_word' id='word_1_113' title='bbox 199 1422 374 1467; x_wconf 87' lang='lat' dir='ltr'>edideris</span> <span class='ocrx_word' id='word_1_114' title='bbox 401 1434 486 1464; x_wconf 89' lang='lat' dir='ltr'>non</span> <span class='ocrx_word' id='word_1_115' title='bbox 517 1424 642 1464; x_wconf 76' lang='lat' dir='ltr'>inodo</span> <span class='ocrx_word' id='word_1_116' title='bbox 679 1422 807 1465; x_wconf 79' lang='lat' dir='ltr'>titoni</span> <span class='ocrx_word' id='word_1_117' title='bbox 829 1424 1054 1475; x_wconf 73' lang='lat' dir='ltr'>decorum,</span> <span class='ocrx_word' id='word_1_118' title='bbox 1086 1426 1159 1467; x_wconf 86' lang='lat' dir='ltr'>sed</span> <span class='ocrx_word' id='word_1_119' title='bbox 1179 1438 1315 1477; x_wconf 86' lang='lat' dir='ltr'>neque</span> <span class='ocrx_word' id='word_1_120' title='bbox 1341 1439 1411 1468; x_wconf 89' lang='lat' dir='ltr'>ve-</span> 
     </span>
     <span class='ocr_line' id='line_1_18' title="bbox 196 1498 1413 1554; baseline 0.005 -16"><span class='ocrx_word' id='word_1_121' title='bbox 196 1506 340 1539; x_wconf 87' lang='lat' dir='ltr'>terano</span> <span class='ocrx_word' id='word_1_122' title='bbox 375 1498 701 1550; x_wconf 80' lang='lat' dir='ltr'>poenitendum3</span> <span class='ocrx_word' id='word_1_123' title='bbox 735 1498 800 1540; x_wconf 85' lang='lat' dir='ltr'>fac</span> <span class='ocrx_word' id='word_1_124' title='bbox 833 1499 1041 1552; x_wconf 87' lang='lat' dir='ltr'>reliquum</span> <span class='ocrx_word' id='word_1_125' title='bbox 1072 1512 1242 1541; x_wconf 86' lang='lat' dir='ltr'>cursum</span> <span class='ocrx_word' id='word_1_126' title='bbox 1267 1503 1413 1554; x_wconf 81' lang='lat' dir='ltr'>gnavi-</span> 
     </span>
     <span class='ocr_line' id='line_1_19' title="bbox 198 1575 1411 1628; baseline 0.005 -13"><span class='ocrx_word' id='word_1_127' title='bbox 198 1583 262 1616; x_wconf 87' lang='lat' dir='ltr'>ter</span> <span class='ocrx_word' id='word_1_128' title='bbox 285 1576 549 1627; x_wconf 85' lang='lat' dir='ltr'>persequaris</span> <span class='ocrx_word' id='word_1_129' title='bbox 566 1605 579 1627; x_wconf 83' lang='lat'><strong>,</strong></span> <span class='ocrx_word' id='word_1_130' title='bbox 612 1584 659 1616; x_wconf 91' lang='lat' dir='ltr'>ut</span> <span class='ocrx_word' id='word_1_131' title='bbox 692 1584 764 1616; x_wconf 84' lang='lat' dir='ltr'>tua</span> <span class='ocrx_word' id='word_1_132' title='bbox 801 1588 850 1616; x_wconf 80' lang='lat' dir='ltr'>ex</span> <span class='ocrx_word' id='word_1_133' title='bbox 877 1588 998 1628; x_wconf 86' lang='lat' dir='ltr'>opera</span> <span class='ocrx_word' id='word_1_134' title='bbox 1019 1575 1187 1619; x_wconf 85' lang='lat' dir='ltr'>fructus</span> <span class='ocrx_word' id='word_1_135' title='bbox 1211 1588 1249 1618; x_wconf 86' lang='lat' dir='ltr'>et</span> <span class='ocrx_word' id='word_1_136' title='bbox 1273 1579 1321 1619; x_wconf 87' lang='lat' dir='ltr'>ad</span> <span class='ocrx_word' id='word_1_137' title='bbox 1346 1579 1411 1622; x_wconf 91' lang='lat' dir='ltr'>Te</span> 
     </span>
     <span class='ocr_line' id='line_1_20' title="bbox 195 1651 1410 1706; baseline 0.005 -14"><span class='ocrx_word' id='word_1_138' title='bbox 195 1651 362 1702; x_wconf 84' lang='lat' dir='ltr'>laudis,</span> <span class='ocrx_word' id='word_1_139' title='bbox 393 1659 432 1691; x_wconf 88' lang='lat' dir='ltr'>et</span> <span class='ocrx_word' id='word_1_140' title='bbox 467 1651 518 1691; x_wconf 86' lang='lat' dir='ltr'>ad</span> <span class='ocrx_word' id='word_1_141' title='bbox 545 1652 703 1693; x_wconf 86' lang='lat' dir='ltr'>multos</span> <span class='ocrx_word' id='word_1_142' title='bbox 731 1651 973 1704; x_wconf 83' lang='lat' dir='ltr'>doctrinae,</span> <span class='ocrx_word' id='word_1_143' title='bbox 1005 1655 1220 1706; x_wconf 84' lang='lat' dir='ltr'>perveniat</span> <span class='ocrx_word' id='word_1_144' title='bbox 1251 1657 1410 1698; x_wconf 84' lang='lat' dir='ltr'>uberri-</span> 
     </span>
     <span class='ocr_line' id='line_1_21' title="bbox 198 1724 1406 1786; baseline 0.012 -20"><span class='ocrx_word' id='word_1_145' title='bbox 198 1736 311 1767; x_wconf 86' lang='lat' dir='ltr'>mus.</span> <span class='ocrx_word' id='word_1_146' title='bbox 357 1724 475 1767; x_wconf 85' lang='lat' dir='ltr'>Vale.</span> <span class='ocrx_word' id='word_1_147' title='bbox 519 1725 680 1778; x_wconf 83' lang='lat' dir='ltr'>Scripsi</span> <span class='ocrx_word' id='word_1_148' title='bbox 711 1726 912 1781; x_wconf 83' lang='lat' dir='ltr'>Lugduni</span> <span class='ocrx_word' id='word_1_149' title='bbox 948 1729 1232 1786; x_wconf 82' lang='lat' dir='ltr'>Batavorum,</span> <span class='ocrx_word' id='word_1_150' title='bbox 1267 1734 1310 1776; x_wconf 90' lang='lat' dir='ltr'>d.</span> <span class='ocrx_word' id='word_1_151' title='bbox 1338 1746 1406 1781; x_wconf 75' lang='lat' dir='ltr'>vu</span> 
     </span>
     <span class='ocr_line' id='line_1_22' title="bbox 185 1791 1363 1856; baseline 0.009 -14"><span class='ocrx_word' id='word_1_152' title='bbox 185 1801 397 1856; x_wconf 83' lang='lat' dir='ltr'>Julii‚A.</span> <span class='ocrx_word' id='word_1_153' title='bbox 430 1814 753 1847; x_wconf 72' lang='lat' dir='ltr'>ntDcccuI.</span> <span class='ocrx_word' id='word_1_154' title='bbox 1301 1793 1304 1796; x_wconf 67' lang='lat'>‚</span> <span class='ocrx_word' id='word_1_155' title='bbox 1352 1791 1363 1799; x_wconf 23' lang='grc' dir='ltr'><strong>ἣ</strong></span> 
     </span>
    </p>
   </div>
   <div class='ocr_carea' id='block_1_3' title="bbox 1270 2510 1404 2555">
    <p class='ocr_par' dir='ltr' id='par_1_4' title="bbox 1270 2510 1404 2555">
     <span class='ocr_line' id='line_1_23' title="bbox 1270 2510 1404 2555; baseline 0.015 -3"><span class='ocrx_word' id='word_1_156' title='bbox 1270 2510 1404 2555; x_wconf 72' lang='lat' dir='ltr'>Ert-</span> 
     </span>
    </p>
   </div>
   <div class='ocr_carea' id='block_1_4' title="bbox 834 2529 926 2573">
    <p class='ocr_par' dir='ltr' id='par_1_5' title="bbox 834 2529 926 2573">
     <span class='ocr_line' id='line_1_24' title="bbox 834 2529 874 2573; textangle 90"><span class='ocrx_word' id='word_1_157' title='bbox 834 2529 874 2573; x_wconf 73' lang='lat' dir='ltr'>O</span> 
     </span>
     <span class='ocr_line' id='line_1_25' title="bbox 903 2542 926 2572; textangle 90"><span class='ocrx_word' id='word_1_158' title='bbox 903 2542 926 2572; x_wconf 54' lang='lat' dir='ltr'>m</span> 
     </span>
    </p>
   </div>
  </div>
 </body>
</html>
