1693 3110
355 233 440 281 628
655 224 1266 280 DISPUTATIO

129 358 318 440 gssgfgjvm'
360 356 688 409 Antiquiorum3
723 358 880 412 quippe
906 357 1058 402 Sextus
1090 359 1250 412 ubique
1287 358 1340 402 de
1371 351 1580 414 principia

238 428 248 438 ‘
360 433 442 474 bus
475 433 565 486 ejus
605 443 740 474 sectae
773 435 875 488 agit.
936 435 1016 478 Sed
1053 437 1162 478 hunc
1199 437 1368 488 iocum,
1399 445 1446 476 ut
1479 436 1576 477 lon-

360 507 516 561 giorem
548 539 563 560 ‚
605 507 757 552 Latine
802 510 946 562 potius
1006 522 1129 562 quam
1177 509 1335 553 Graece
1382 509 1572 552 referam.

357 585 441 627 Est
480 583 608 636 igitur
640 585 752 628 Adv.
785 584 986 627 Mathem.
1009 582 1083 628 IX.
1112 595 1159 637 71
1181 600 1312 642 -74.
1363 616 1397 637 ,‚
1425 584 1576 639 Neque

359 672 458 703 ‘vero
484 662 695 715 suspicari
717 660 842 713 licet,
876 663 1053 704 Animas
1077 661 1265 703 deorsum
1280 659 1420 713 ferri.
1451 659 1576 701 Nam

361 748 487 792 quum
513 737 598 793 sint
617 734 786 777 subtiles
801 766 815 787 ,
847 746 886 777 et
908 749 989 778 non
1011 740 1150 778 minus
1174 737 1323 791 igneae
1349 748 1473 790 quam
1501 732 1577 776 αέα

364 825 492 863 rme,
523 824 600 853 sua
630 811 804 854 levitate
841 813 981 867 potius
1003 812 1050 852 in
1071 811 1162 853 loca
1183 813 1405 869 superiora
1417 810 1575 864 ferun-

361 895 453 929 tur.
512 886 634 940 ⁴Quin
660 889 788 928 etiam
816 886 928 928 solae
949 888 1036 927 sine
1058 884 1242 943 Corpore
1265 887 1386 941 (καθ’
1405 884 1573 945 poree)

352 970 641 1020 permanent,
698 974 770 1003 nee
798 992 812 1013 ‚
866 971 914 1003 ut
962 962 1075 1005 dixit
1125 962 1371 1018 Epicurus,
1413 960 1576 1003 solutae

359 1038 613 1093 Corporibus
644 1037 948 1094 disperguntur
981 1041 1124 1080 instar
1135 1038 1286 1092 fumi:
1316 1049 1444 1093 neque
1465 1036 1579 1077 enim

357 1123 459 1155 ante
495 1121 667 1154 mortem
710 1113 867 1169 Corpus
906 1125 974 1154 eas
1009 1114 1205 1165 servabat
1246 1123 1286 1155 et
1305 1110 1578 1161 continebat,

358 1189 430 1230 secl
447 1190 564 1244 ipsae
586 1189 742 1244 Corpus
762 1188 1031 1230 continebant
1055 1197 1095 1229 et
1123 1188 1379 1239 servabant,
1410 1195 1449 1228 et
1471 1184 1581 1227 mul-

357 1273 399 1305 to
434 1266 568 1318 magis
601 1272 725 1304 semet
746 1265 875 1318 ipsas.
935 1263 1080 1318 Igitur
1100 1272 1227 1305 extra
1247 1263 1379 1304 Solem
1402 1271 1580 1305 versan-

359 1348 445 1390 tes,
477 1339 607 1380 locum
647 1337 799 1379 Lunae
832 1337 1061 1389 subjectum
1085 1338 1310 1388 habitant,
1341 1336 1480 1391 ibique
1490 1345 1576 1391 per

359 1414 489 1459 Aeris
518 1416 755 1469 puritatem
786 1412 948 1466 longatus
983 1414 1097 1455 vitae
1131 1421 1290 1466 tempus
1329 1413 1574 1466 accipiunt:

361 1503 460 1532 uam
493 1487 690 1529 naturali
724 1496 763 1528 et
802 1487 926 1541 quasi
957 1485 1175 1528 domestico
1197 1494 1380 1526 utuntur
1399 1487 1574 1526 alimena

361 1575 429 1616 to,
472 1564 676 1606 nimirum
711 1562 1048 1603 exhalationibus
1080 1569 1255 1602 terrae:
1289 1562 1440 1616 prouti
1473 1561 1577 1602 reli-

360 1654 445 1697 qua
470 1648 592 1681 astra
607 1648 623 1678 .·
655 1649 784 1693 neque
805 1637 960 1679 habent
981 1639 1029 1678 in
1053 1650 1096 1677 eo
1123 1635 1207 1677 loco
1230 1647 1402 1677 caussas
1420 1665 1435 1687 .,
1467 1647 1578 1691 quae

362 1716 440 1757 sibi
470 1716 693 1756 interitum
729 1711 936 1766 afferant.
996 1711 1044 1751 Si
1074 1723 1172 1764 ergo
1192 1719 1442 1765 permanent
1467 1710 1577 1751 Am·-

361 1805 480 1840 mae,
505 1789 618 1844 fiunt
647 1788 827 1842 ejusdem
862 1796 1077 1838 naturae,
1107 1786 1226 1838 cujus
1262 1794 1358 1827 sunt
1392 1784 1577 1828 Daemo-

361 1865 482 1908 Μεθ’

419 1943 486 1985 Ex
520 1942 668 1984 horum
715 1941 845 1995 igitur
870 1940 994 1984 trium
1019 1940 1208 1984 locorum
1233 1939 1572 1996 comparatione,

365 2029 488 2070 quam
515 2018 778 2070 peculiariter
796 2018 1000 2071 explicare
1020 2029 1105 2059 non
1133 2029 1242 2070 opus
1263 2026 1324 2058 est
1338 2045 1353 2068 ,
1376 2027 1572 2069 apparet,

363 2093 641 2145 Ciceronem,
671 2092 924 2145 Lucanum,
957 2101 996 2135 et
1023 2091 1194 2142 Sextum
1214 2122 1229 2143 ‚
1261 2103 1310 2133 ex
1333 2092 1476 2134 iisdem
1502 2106 1573 2135 ve-

362 2178 495 2211 terum
545 2169 783 2212 Stoicorum
829 2169 1021 2211 fontibus
1054 2169 1260 2217 hausisse.
1329 2169 1573 2211 Permanent

363 2256 463 2297 ergo
495 2244 639 2286 Animi
674 2254 938 2287 mortuorum
975 2247 1019 2286 in
1048 2249 1218 2298 puriore
1249 2246 1336 2289 a'e're
1366 2246 1447 2288 sub
1483 2246 1574 2287 Lu·

364 2331 487 2362 nam:
521 2332 657 2373 neque
691 2329 850 2362 tantum
881 2330 1148 2373 permanent,
1178 2323 1251 2364 sed
1276 2331 1424 2364 curant
1450 2321 1572 2362 etiam

364 2407 428 2438 res
467 2395 696 2438 humanas:
768 2406 815 2436 ut
859 2407 944 2438 non
988 2395 1117 2450 magis
1165 2398 1350 2450 poeticae
1385 2395 1576 2438 licentiae

367 2482 488 2522 quam
543 2470 701 2513 Stoicis
749 2472 922 2514 decretis
975 2472 1204 2514 obsecutus
1247 2471 1302 2514 sit
1333 2471 1572 2521 Lucanus,

374 2557 502 2598 quum
536 2546 724 2602 Pompcji
759 2548 958 2593 Animum
993 2547 1156 2591 induxit
1191 2548 1347 2592 Catoni
1381 2558 1419 2589 et
1441 2547 1576 2589 Bruto

1500 2631 1578 2663 sti-
