1693 3110
391 192 1114 241 ADLYNDENUM.
1283 203 1369 252 153

143 317 225 362 §ed
261 317 550 368 tumultuari,
589 317 688 359 alias
723 326 857 359 sectas
893 318 943 360 ad
976 316 1114 371 ipsius
1145 316 1372 363 formulam

147 393 313 447 adigere
339 394 510 445 conari,
542 405 586 434 se
608 393 736 434 solam
763 404 897 433 veram
925 392 1134 445 profiteri,
1158 392 1368 446 indignari

149 482 195 512 se
217 470 475 512 umbraculis
500 469 591 512 suis
618 468 822 510 inclusam
848 468 1002 519 teneri,
1037 480 1114 510 nec
1144 468 1370 521 imperium

149 557 275 588 suum
319 559 392 600 per
434 555 632 588 terrarum
669 542 812 585 orbem
846 543 973 584 latius
1007 544 1193 596 proferre
1215 551 1368 597 possea

149 623 485 675 necquicquam3
504 621 662 673 quippe
685 620 779 673 ipsa
797 631 843 660 se
862 619 953 661 suis
970 620 1237 662 acuminibus
1251 633 1371 663 com-

151 708 346 750 pungens
360 706 399 737 et
422 694 681 737 labefactans
698 708 709 736 ι
729 694 937 737 tortuosis
949 695 1317 737 conclusiunculis
1329 705 1372 738 et

149 784 262 814 nova
291 772 515 815 verborum
541 771 829 823 obscuritate,
857 773 1131 825 φιλοκάλους,
1161 772 1373 815 dilucidae

146 846 477 900 fructuosaeque
494 847 721 899 sapientiae
742 856 926 888 amantes
945 876 960 898 ‚
987 856 1202 890 avertens:
1216 860 1369 900 quam-

143 927 212 970 vis
247 927 431 968 clamosa
456 935 497 968 et
531 933 739 978 ventosa,
780 923 1021 978 similisque
1056 927 1221 979 ventis,
1248 939 1362 980 quos

811 1047 929 1083 vasto
960 1052 1039 1083 rex
1064 1038 1216 1081 Aeolus
1242 1049 1372 1083 antro

201 1114 387 1172 Imperio
408 1116 594 1169 premit,
625 1128 677 1157 ac
705 1114 856 1158 vinclis
891 1123 932 1156 ct
960 1129 1137 1158 carcere
1160 1115 1366 1170 fraenat.

205 1189 281 1232 Illi
309 1190 583 1249 indignantes
625 1204 778 1246 magno
813 1204 907 1234 cum
948 1206 1169 1236 murmure
1193 1198 1372 1253 montis,

203 1266 375 1310 Circum
396 1268 592 1310 claustra
604 1270 823 1321 fremunt.

198 1382 377 1439 Quibus
407 1383 457 1426 de
491 1382 618 1425 rebus
656 1395 786 1437 quum
822 1395 957 1438 nuper
981 1385 1096 1438 apud
1122 1398 1211 1439 me,
1241 1390 1372 1441 paulo

145 1469 246 1513 post
269 1469 387 1502 tuum
411 1458 461 1500 ab
501 1458 653 1500 exteris
682 1459 724 1500 in
748 1459 922 1512 patriam
953 1461 1157 1512 reditum,
1187 1463 1376 1506 suaviter

145 1534 541 1587 confabularemur,
566 1535 636 1576 Tu
653 1565 668 1587 ‚
691 1536 750 1576 mi
770 1534 1000 1588 Lyndene‚
1021 1535 1082 1577 sic
1105 1538 1364 1595 suscepistis

150 1640 178 1665 „
209 1612 465 1667 Opportune
508 1613 762 1657 mentionem
802 1614 981 1656 fecimus
1023 1615 1366 1670 Philosophiaet

151 1716 180 1742 „
209 1701 302 1732 nam
330 1701 461 1741 quum
495 1691 605 1742 apud
637 1704 716 1733 vos
744 1692 981 1735 studiorum
1013 1706 1163 1736 caussa
1182 1697 1370 1751 degens,

152 1793 178 1818 „
208 1774 249 1806 et
281 1763 483 1818 frequens
520 1766 571 1809 ad
598 1766 863 1819 vespertinos
902 1779 1116 1812 sermones
1143 1781 1243 1813 tuos
1269 1785 1371 1814 ven-

151 1872 180 1896 „
209 1841 365 1891 titans,
395 1840 621 1894 aliquando
657 1853 713 1884 ex
755 1851 797 1883 te
831 1853 1097 1895 quaererem,
1129 1857 1236 1897 quae
1258 1859 1373 1894 nova

151 1943 179 1968 „
207 1915 280 1957 illa
301 1925 413 1964 esset
435 1914 732 1968 Metaphysica
749 1946 764 1969 ,
793 1915 892 1969 quis
924 1928 1012 1959 eam
1034 1919 1268 1962 colentium
1290 1919 1373 1964 fer·

148 2024 178 2050 „
205 2008 313 2049 vor,
347 2007 453 2048 quae
484 2007 660 2041 caussae
684 1995 801 2047 quod
820 1994 1026 2038 veteranis
1051 2008 1138 2038 non
1175 1998 1376 2050 probare.

150 2102 178 2128 „
207 2083 306 2126 tur,
323 2083 372 2114 tu
393 2081 735 2127 argumentorum
761 2071 881 2124 quasi
906 2081 1065 2123 puncta
1091 2072 1273 2116 breviter
1292 2089 1372 2119 no-

151 2179 181 2205 „
209 2159 303 2192 tans
344 2148 449 2191 mihi
499 2147 818 2190 satisfaciebas:
863 2147 1071 2190 uberioris
1110 2151 1373 2204 cognitionis

153 2255 182 2279 „
209 2234 409 2280 tempus,
437 2225 573 2268 finitis
605 2225 771 2268 demum
809 2223 1103 2278 Academicis,
1134 2237 1192 2269 ut
1220 2229 1372 2274 dicun,

157 2329 184 2353 „
213 2310 314 2352 tur,
345 2300 525 2354 studiis,
559 2301 663 2343 mihi
699 2300 790 2344 fore
824 2301 980 2355 ajebas.
1040 2302 1171 2346 Nunc
1198 2315 1371 2361 tempus

153 2405 184 2431 „
211 2376 318 2425 illud
338 2376 480 2430 adest,
503 2386 551 2419 ut
574 2390 766 2420 recusare
788 2389 971 2430 nequeas
987 2408 1003 2431 ,
1028 2379 1133 2433 quin
1152 2383 1277 2434 plura
1295 2384 1376 2428 mi.

153 2480 184 2510 „
211 2452 256 2494 hi
278 2453 328 2495 de
350 2452 432 2495 hoc
459 2463 702 2507 argumento
722 2452 915 2496 narres.”

205 2528 292 2574 Vix
321 2530 422 2574 dum
453 2530 554 2575 haec
583 2531 772 2587 dixeraS,
803 2542 936 2586 quum
966 2531 1019 2578 ad
1045 2544 1129 2581 nos
1157 2534 1373 2581 intrabant

1254 2611 1373 2658 Phil·
