1693 3110
270 173 356 220 490
582 153 1186 201 DlsPUTATIO

265 286 318 328 ab
357 281 516 326 unitate
554 277 725 320 consilii
762 278 813 320 ad
847 280 1050 322 unitatem
1086 279 1273 333 Subjecti
1296 280 1469 326 deduce·

267 362 445 402 bantur:
480 354 612 397 veluti
632 353 683 395 ab
712 354 869 397 unitate
890 356 1050 409 generis
1071 355 1121 398 ad
1144 355 1342 399 unitatem
1363 358 1466 400 sub-

263 434 392 491 iecti:
422 431 509 472 vid.
539 442 582 472 n.
604 442 648 481 4.

327 520 371 561 9.
413 505 607 548 Ulterius
633 505 901 559 progreditur
925 506 1048 550 ratio.
1093 507 1207 549 Cum
1229 519 1396 551 necesse
1417 507 1474 551 sit

267 581 472 625 caussam
502 588 751 632 aeternam,
783 594 819 623 s.
850 581 1014 635 Deum,
1045 594 1158 625 esse:
1193 584 1289 626 haec
1320 596 1470 626 caussa

268 669 397 710 quare
421 657 465 699 in
498 668 582 698 uno
618 656 674 698 sit
706 656 932 710 subjecto,
963 657 1077 700 nulia
1111 657 1235 700 nobis
1263 658 1369 700 ratio
1403 669 1476 700 ne-

270 733 450 775 cessaria
474 730 644 784 cognita
664 740 756 774 est:
774 743 911 784 neque
933 732 1080 777 etiam,
1104 745 1233 785 quare
1249 745 1292 776 ea
1316 733 1358 775 in
1382 733 1477 785 plu-

270 808 392 849 ribus
420 807 478 849 sit
502 806 723 860 subjectiS.
759 806 848 860 Jam
874 805 911 847 si
934 806 1093 859 aliquid
1118 809 1207 850 sine
1230 809 1387 850 ratione
1404 820 1476 851 ne-

270 882 451 925 cessaria
475 882 740 924 statuendum
770 891 857 932 est,
883 882 993 933 hoc,
1022 884 1159 934 quoad
1179 885 1268 938 eJ‘us
1290 883 1375 926 fieri
1398 897 1479 938 po-

264 968 381 1009 test,
414 958 634 1000 minimum
660 969 751 999 esse
771 957 908 1000 debet.
965 958 1101 1012 Igitur
1120 962 1262 1015 potius
1284 974 1393 1004 unus
1412 969 1473 1002 est

264 1034 411 1086 Deus,
441 1047 567 1089 quam
593 1032 732 1076 multi.

328 1122 393 1152 10.
433 1109 591 1151 Porroz
625 1120 720 1149 cum
746 1118 919 1149 necesse
949 1107 1037 1159 sit,
1071 1119 1262 1150 caussam
1291 1108 1473 1162 aliquam

270 1195 363 1227 esse
397 1182 635 1224 efficientem
671 1191 903 1226 aeternam:
934 1182 1033 1224 haec
1071 1195 1217 1225 caussa
1242 1193 1290 1225 ut
1312 1185 1355 1226 in
1377 1197 1480 1237 pau-

266 1258 482 1309 cioribus,
525 1269 648 1309 quam
694 1256 737 1297 in
779 1268 863 1297 uno
902 1257 959 1298 sit
1003 1258 1229 1311 subjecto,
1272 1257 1358 1299 fieri
1399 1270 1472 1300 ne-

269 1335 387 1387 quit:
424 1333 535 1373 utin
561 1331 753 1384 pluribus
779 1343 901 1383 quam
924 1331 965 1373 in
993 1344 1078 1374 uno
1101 1332 1182 1383 sit,
1216 1333 1324 1375 ratio
1350 1335 1477 1377 nobis

273 1410 389 1453 nulla
425 1416 489 1448 est
524 1406 712 1459 cognita.
769 1406 903 1459 Igitur
926 1410 1070 1462 potius
1103 1421 1209 1449 unus
1244 1417 1305 1449 est
1334 1407 1480 1462 Deus,

266 1499 395 1543 quam
413 1482 554 1524 multi.

334 1572 399 1602 11.
443 1558 531 1599 Hae
563 1555 747 1597 rationes
779 1568 866 1598 non
893 1565 1053 1598 tantum
1077 1569 1128 1601 eo
1152 1559 1399 1612 valuerunt,
1430 1569 1480 1602 ut

274 1637 348 1679 hic
379 1633 573 1676 Mundus
597 1643 822 1684 caussam,
860 1644 986 1684 quare
1016 1634 1101 1685 sit,
1132 1634 1313 1686 positam
1340 1635 1489 1677 habeat

271 1710 424 1765 potius
454 1709 496 1750 in
526 1719 612 1749 uno
636 1707 760 1759 Deo,
792 1720 915 1760 quam
943 1709 987 1749 in
1013 1708 1184 1750 multis:
1219 1711 1291 1752 sed
1322 1722 1371 1753 eo
1393 1723 1488 1763 per-

273 1788 441 1838 tinent,
469 1793 515 1826 ut
541 1782 717 1826 omnino
753 1783 903 1824 unicus
937 1783 1140 1827 duntaxat
1172 1785 1327 1827 existat
1351 1786 1484 1832 Deus.

277 1862 375 1905 Huc
401 1861 565 1903 tandem
590 1858 749 1900 accedit
772 1859 849 1899 alia
874 1859 979 1901 ratio
1001 1872 1050 1901 ex
1081 1862 1294 1917 principio
1316 1875 1488 1904 caussa*

278 1952 375 1981 rum
393 1968 407 1988 ,
438 1949 472 1979 s.
506 1934 679 1976 rationis
704 1934 985 1986 sufficientis,
1019 1936 1136 1988 quod
1157 1937 1282 1978 semel
1305 1935 1488 1978 admissa

277 2012 549 2058 multitudine
584 2011 766 2052 Deorum
784 2042 799 2062 ,
832 2010 995 2054 nullum
1022 2010 1176 2056 exitum
1205 2010 1379 2063 reperire
1409 2023 1488 2063 po-

278 2099 363 2133 test
401 2087 605 2141 cogitatio
653 2097 814 2130 nostra.
888 2087 1037 2139 Neque
1088 2087 1194 2129 enim
1243 2096 1306 2129 est
1355 2087 1491 2139 ratio,

277 2175 408 2220 'quare
431 2164 467 2206 si
489 2163 600 2205 duos
631 2164 893 2217 statuimus,
925 2176 1010 2206 non
1033 2163 1154 2205 etiam
1181 2173 1262 2204 tres
1280 2193 1294 2215 ‚
1326 2163 1492 2215 decem,

282 2250 450 2284 centum
479 2270 494 2290 ,
552 2238 774 2291 myriadem
829 2240 950 2282 etiam
1001 2241 1182 2282 Deorum
1244 2248 1492 2284 statuamus.

280 2316 413 2372 Quod
444 2324 551 2356 recte
585 2325 838 2358 monuerunt
873 2318 993 2358 etiam
1034 2315 1258 2357 Boehmius
1296 2315 1490 2367 Metaph.

284 2395 323 2447 §.
350 2403 445 2444 712.
470 2400 508 2431 et
540 2390 757 2433 Reimarus
784 2390 1047 2446 (bornebmste
1070 2391 1354 2447 Ξῧαῗὶϊῡῑῐῐῑη)
1383 2390 1496 2432 Sect-

282 2468 361 2515 Ν.
395 2469 439 2524 3.
467 2480 509 2513 2.
541 2473 581 2507 et
613 2476 708 2509 ante
741 2479 814 2510 eos
847 2465 1057 2512 Lockius.

1388 2539 1502 2585 Hine
