1693 3110
241 216 269 251 ἰ
602 193 1089 247 ΕΡῙΒΤΟΕΕ

250 338 334 383 que
373 325 589 382 promisso
635 320 920 373 satisfaciam,
950 319 1033 362 hoc
1068 318 1212 372 ipsum
1249 329 1381 367 unum
1407 311 1463 363 a&

250 406 315 448 Te
340 405 514 448 scribam
530 434 544 453 ,
576 413 640 443 me
664 412 751 442 non
772 399 920 441 habere
941 398 1057 451 quod
1093 398 1308 442 scribam?
1346 401 1459 443 Aliis

247 486 330 526 hoc
369 486 425 526 sit
467 492 748 532 concessum,
789 493 813 521 a
856 487 1000 521 nostra
1051 478 1218 529 quidem
1270 478 1465 521 abhorret

248 561 576 615 conjunctione,
609 558 678 600 cui
708 569 938 609 numquam
968 556 1033 597 vel
1059 555 1265 597 sermonis
1288 558 1355 598 vel
1378 557 1467 610 epi-

247 639 381 680 stolae
404 634 575 678 materia
596 633 748 676 defuit.
810 632 928 684 Ergo
961 640 1000 673 et
1027 631 1201 673 alterum
1238 631 1320 673 hoc
1360 630 1467 673 mihi

248 724 436 769 ereptum
470 722 536 755 est
568 709 779 753 scribendi
815 721 964 763 genus.
1025 708 1084 750 Et
1113 717 1250 750 tamen
1286 707 1467 750 scribere

248 803 314 832 me
337 789 451 843 cogit
475 798 513 830 et
534 797 605 829 tua
624 787 824 829 voluntas
851 793 891 826 et
917 796 1003 826 mea
1019 783 1136 828 fides.
1169 784 1354 837 Ecquod
1370 794 1465 825 tan-

250 868 341 910 dem
364 865 489 908 nobis
511 872 800 917 argumentum
839 861 1063 914 superest?
1100 861 1298 915 Superest
1331 873 1466 902 unum

247 953 388 993 certe,
419 942 547 993 idque
573 939 745 982 minime
769 947 893 980 tenue
916 949 988 981 aut
1011 940 1117 982 leve.
1162 938 1234 980 Tu
1255 938 1373 991 ipse,
1408 935 1469 978 mi
1519 945 1522 947 ’

245 1019 444 1069 Heusde‚
476 1017 548 1059 Tu
583 1015 685 1058 mihi
720 1015 850 1070 hujus
884 1013 1087 1067 epistolae
1130 1013 1209 1055 eris
1249 1022 1470 1065 argumen-

250 1105 362 1138 tum.
425 1093 489 1135 Te
512 1105 644 1146 quum
671 1092 795 1144 dico,
826 1092 921 1133 dico
952 1091 1165 1144 ingenium
1197 1084 1469 1140 animumque

247 1180 397 1222 tuum,
429 1171 526 1212 dico
564 1179 792 1211 commune
825 1175 1018 1209 nostrum
1057 1164 1311 1218 optimarum
1350 1162 1473 1211 Lite-

247 1246 385 1289 rai‘um
415 1254 455 1287 et
476 1244 664 1287 Platonis
704 1242 916 1286 studium.
976 1240 1148 1296 Quibus
1181 1241 1230 1282 de
1254 1240 1378 1281 rebus
1398 1250 1474 1280 co·

249 1323 399 1378 gitanti
449 1322 647 1376 quamvis
681 1320 883 1362 indiserto
929 1320 1050 1371 copia
1087 1316 1298 1359 scribendi
1329 1316 1473 1356 deesse

246 1408 445 1451 nequeat.
505 1398 605 1453 Quo
641 1396 796 1439 certius
837 1394 920 1436 hoc
955 1395 1034 1435 mei
1067 1394 1115 1435 de
1139 1393 1204 1434 Te
1229 1392 1375 1448 J'udicii
1396 1391 1472 1432 do=¹

249 1483 493 1517 cumentum
526 1473 632 1514 Tibi
664 1473 849 1514 accidere
887 1472 1037 1525 debet3
1079 1471 1224 1524 quod,
1259 1484 1388 1524 quum
1419 1471 1474 1513 li-

249 1550 316 1592 bri
355 1549 419 1590 tui
457 1547 626 1589 ubertas
661 1548 764 1588 mihi
791 1548 841 1588 de
873 1549 1008 1588 eadem
1034 1560 1077 1589 re
1099 1548 1224 1589 docte
1243 1547 1473 1589 disserendi

245 1624 494 1667 facultatem
523 1622 825 1676 praeripuerit,
858 1623 996 1663 malim
1033 1624 1248 1665 indoctius
1271 1632 1310 1663 et
1332 1636 1474 1666 aman.

246 1703 366 1752 tius,
399 1701 668 1752 ἀμαθέστερον
703 1699 771 1743 καὶ
810 1702 1094 1753 φιλικώτερον,
1127 1710 1250 1749 quam
1286 1697 1391 1739 nihil
1421 1698 1474 1740 ad

245 1778 314 1822 Te
337 1780 534 1822 scribere.

304 1856 458 1898 Sextus
481 1855 550 1896 hic
571 1866 706 1896 annus
729 1863 793 1895 est
819 1865 912 1894 cum
946 1853 995 1893 ad
1017 1864 1081 1892 me
1107 1850 1467 1892 Amstelodamum

247 1932 406 1975 venisti
432 1932 630 1973 incensus
673 1931 817 1972 studio
847 1930 1108 1980 Literarum,
1139 1928 1371 1970 earumdem
1397 1941 1470 1970 co-

247 2010 438 2065 gnitione
482 2020 694 2059 sensuque
744 2009 829 2062 jam
876 2006 1067 2048 imbutus
1103 2005 1391 2046 Rotterodami
1426 2005 1470 2045 in

252 2088 399 2130 schola
423 2085 497 2127 Cl.
525 2085 726 2136 Nodelli‚
760 2083 1089 2137 elegantissimae
1118 2082 1331 2123 doctrinae
1360 2080 1465 2122 viri:

248 2162 501 2206 ostendebas
543 2161 607 2203 Te
634 2159 824 2202 Platonis
860 2169 998 2200 amore
1035 2166 1237 2209 captum,
1271 2156 1321 2196 ad
1344 2155 1469 2208 cujus

248 2237 567 2294 intelligentiam
597 2245 645 2277 ut
680 2235 782 2276 Tibi
815 2235 982 2288 adjutor
1009 2244 1173 2283 essem,
1207 2230 1378 2271 candide
1400 2240 1466 2269 me

241 2318 524 2367 ‘modesteque
566 2311 758 2366 rogabas„
821 2311 917 2352 Hoc
953 2310 1133 2363 primum
1168 2306 1270 2348 mihi
1307 2317 1468 2347 novum

251 2405 293 2436 et
333 2384 666 2443 inexspectatum
716 2389 958 2440 accidebat,
1004 2388 1305 2428 adolescentem
1343 2381 1468 2423 modo

245 2484 299 2514 ex
322 2469 472 2524 puerili
512 2467 733 2519 disciplina
760 2467 1061 2519 prodeuntem,
1102 2462 1290 2504 Platonis
1320 2466 1358 2500 et
1393 2468 1466 2498 co-

253 2545 444 2602 gnitione
476 2543 653 2586 tinctum
691 2552 730 2584 et
765 2541 908 2584 studio
948 2540 1182 2592 ardentem,
1223 2537 1273 2580 ad
1306 2545 1369 2575 me
1398 2543 1471 2572 ve-

1405 2620 1473 2651 ni·
