1693 3110
366 249 477 294 AD
546 227 1118 291 'L'Y‘NDE'N'tiM
1278 245 1359 290 151

185 367 286 416 PH.
318 368 376 415 Et
406 360 516 422 hoc,
550 368 743 423 quamvis
779 379 955 421 parum,
986 366 1092 412 satis
1129 364 1233 410 mihi
1262 368 1348 420 sit3

89 503 96 510 θ
133 447 173 492 si
206 448 373 501 quidem
406 449 506 501 plus
535 459 619 488 non
649 444 766 485 licet.

195 521 267 565 W.
301 523 416 576 Ergo
441 520 629 562 materiae
656 518 996 571 quadripertitam
1023 519 1349 570 descriptionem

135 596 318 648 retinui,
355 594 635 647 Ontologiae.,
665 593 997 647 Psychologiae‚
1022 595 1354 650 Cosmologiae,

133 671 420 751 Theoffgiac:
453 671 634 725 singulis
661 683 745 712 eam
778 671 1000 713 notionum
1033 671 1197 724 copiam
1234 684 1355 713 com-

134 743 355 802 plectens,
388 761 512 801 quam
540 758 579 789 et
604 746 922 801 Metaphysicae
955 748 1136 790 officium
1165 748 1355 801 profiteri

135 823 390 878 judicarem,
423 833 461 864 et
489 824 532 865 in
566 823 894 865 accuratissimis
917 824 1357 877 locupletissimisque

137 901 496 954 philosophorum
547 899 666 942 libris
717 901 820 942 tradi
860 902 1240 944 animadverterem.
1309 901 1358 943 In

138 973 274 1016 forma
308 983 442 1015 autem
479 985 563 1015 eam
603 974 802 1016 rationem
840 984 879 1015 et
916 976 1135 1028 utriusque
1171 977 1359 1020 methodi

135 1061 259 1092 usum
301 1060 475 1093 secut-us
508 1063 631 1102 sum,
673 1063 794 1103 quem
836 1051 875 1092 in
910 1052 1089 1105 Logicis
1121 1054 1358 1105 Praeceptis

144 1129 194 1172 P.
223 1129 299 1171 ΠΙ.
332 1129 441 1180 Cap.
470 1129 502 1170 l.
537 1130 579 1181 §.
607 1129 662 1179 6,
694 1129 854 1171 notavi.
916 1130 1078 1182 Porro,
1111 1142 1239 1182 quum
1268 1130 1367 1171 Me-

136 1205 364 1259 tapliysica
408 1204 593 1245 omnium
627 1204 797 1246 aliarum
830 1205 1099 1247 fundamenta
1137 1205 1365 1259 principia·

143 1293 226 1335 que
248 1280 531 1323 doctrinarum
561 1281 773 1322 contineat
790 1311 805 1332 ‚
842 1293 1007 1332 operam
1032 1282 1156 1334 deii,
1193 1294 1238 1324 ut
1262 1283 1365 1325 haee

135 1367 184 1402 *et
226 1360 503 1414 attingerem,
547 1371 623 1402 nec
670 1370 807 1403 tamen
845 1361 1063 1403 tractando
1100 1361 1141 1402 in
1176 1361 1368 1414 ipsarum

143 1438 340 1490 proprios
369 1436 470 1480 fines
496 1437 752 1480 invaderem:
790 1438 966 1490 deinde,
1001 1448 1048 1480 ut
1080 1449 1229 1480 nexum
1265 1450 1368 1480 con.

142 1516 493 1569 sequentiamque
538 1516 760 1556 notionum
815 1514 921 1555 inter
962 1527 1005 1555 se
1053 1510 1364 1567 significarem,

149 1598 236 1643 quo
260 1592 437 1644 propius
470 1592 570 1631 haec
593 1591 784 1632 doctrina
807 1590 857 1631 ad
890 1591 1209 1632 sisnilitujinem
1237 1589 1369 1632 firmi·

146 1667 247 1708 tatis
272 1664 561 1707 Geometricae
583 1665 949 1706 conformaretur:
977 1674 1064 1706 tum
1082 1696 1096 1715 .‚
1124 1675 1166 1705 ut
1187 1696 1201 1717 ‚
1226 1665 1369 1717 quoad

150 1745 240 1798 eJus
267 1742 353 1785 fieri
379 1752 559 1795 posset,
589 1744 792 1785 terminos
820 1742 1065 1785 facultatum
1106 1754 1370 1791 cognoscen-

150 1819 190 1861 di
217 1831 257 1860 et
281 1831 414 1860 rerum
439 1819 825 1871 cognoscendarum
856 1820 962 1860 inter
988 1832 1030 1859 se
1053 1831 1366 1872 compararem,

151 1908 283 1949 eaque
321 1895 664 1947 comparatione,
706 1895 742 1937 si
782 1894 871 1936 fieri
906 1906 1078 1946 posset,
1124 1904 1370 1947 apoareret,

153 1986 381 2027 quousque
418 1973 613 2027 progredi
650 1972 821 2024 liceret,
865 1981 904 2014 et
939 1972 1009 2013 ubi
1053 1973 1370 2014 sub<is²tenium

151 2055 288 2092 esset:
308 2049 532 2101 deinceps,
551 2049 666 2101 quod
695 2047 737 2089 in
755 2046 930 2100 Logic'is
957 2048 1187 2099 Praeceptis
1208 2059 1375 2100 specta-

154 2127 224 2178 vi,
255 2138 484 2178 eorumque
515 2124 557 2166 in
591 2123 851 2166 praefatione
885 2123 1108 2175 professus
1134 2135 1226 2164 sum
1255 2123 1372 2177 (ἣ,

152 2211 290 2245 vetera
321 2215 417 2243 cum
455 2202 579 2244 novis
616 2201 673 2243 ita
706 2201 935 2252 coniunxi,
971 2210 1014 2240 ut
1039 2201 1248 2241 discentes
1273 2211 1372 2241 cu=n

155 2278 207 2319 ad
250 2280 525 2320 recentiorum
567 2280 728 2321 decreta
771 2277 1061 2329 rationemque
1110 2288 1374 2327 cognoscen-

156 2354 276 2407 dam,
317 2365 406 2396 tum
457 2354 507 2396 ad
543 2355 818 2407 antiquorum
860 2353 1208 2404 intelligentiam,
1251 2367 1376 2395 voca-

157 2444 261 2474 rem.
320 2429 498 2484 Itaque,
529 2442 575 2474 ut
601 2432 821 2486 imaginem
850 2430 906 2472 rei
934 2436 1165 2483 numquam
1188 2429 1301 2474 visae
1323 2427 1372 2469 ab

1311 2516 1379 2548 ex-

138 2660 148 2671 -.
213 2607 301 2660 (¹⁸¹)
330 2607 511 2659 [Horum
549 2612 689 2662 Opusc.
717 2604 806 2650 Vol.
832 2609 863 2650 Ι.
891 2620 929 2660 p.
956 2603 1071 2659 176.)

226 2677 322 2722 Vol.
352 2679 408 2725 Il.
780 2679 822 2724 L
