1693 3110
1304 236 1354 248 a—

365 198 664 243 MEMORIA
709 197 1185 267 SANCTOCRUCH.
1304 215 1385 261 οη

161 323 300 366 virum
337 334 420 364 rem
454 332 586 364 actam
620 332 738 375 agere
769 322 1014 375 videamur,
1047 335 1087 365 et
1125 326 1381 368 Sanctoeru⁴

168 399 262 443 cius
287 411 430 441 noster
450 398 540 440 suis
563 398 653 450 ipse
675 398 890 440 doctrinae
910 403 1197 444 monumentis
1219 403 1269 444 ad
1296 416 1388 445 om·-

169 484 263 519 nem
302 476 588 529 posteritatem
620 476 937 518 commendatus
966 478 1044 531 sitg
1078 480 1303 523 maluimus
1327 492 1391 523 ta-

168 565 264 595 men
291 553 581 603 committere,
624 560 672 591 ut
706 552 751 593 in
789 553 863 593 liae
899 564 1045 596 nostra
1079 557 1314 609 scriptione
1348 565 1390 601 et

168 630 393 672 sedulitate
428 628 575 681 potius
610 629 821 682 judicium
858 640 898 672 et
930 629 1143 684 facultas,
1186 646 1311 687 quam
1345 636 1391 679 in

165 705 337 749 silentio
368 706 500 759 pietas
530 710 571 747 e't
602 705 817 757 officium,
847 706 1165 751 desideraretur.

222 779 367 825 Natus
391 793 455 824 est
478 782 798 836 Mormotrone,
825 784 869 827 in
895 783 1039 827 vicino
1059 785 1175 827 urbis
1197 787 1388 839 Carpen-

167 858 371 909 toractis‚
403 857 647 900 Comitatus
681 856 1047 913 Vindauscensis,
1081 870 1203 914 gente
1231 863 1392 916 nobili,

170 931 239 973 die
261 931 502 986 VJanuarii
518 964 532 985 ‚
557 934 655 976 anni
678 934 1016 978 MDCCXLVL
1077 936 1160 978 Hic
1183 938 1290 980 enirn
1318 951 1390 980 an-

171 1021 253 1051 nus
280 1009 323 1050 in
346 1009 492 1051 libello
518 1010 686 1052 laudato
721 1010 890 1052 editur:
919 1010 992 1064 qui
1028 1011 1066 1052 si
1098 1025 1193 1053 vere
1229 1014 1394 1066 editur,

171 1085 224 1126 de
247 1097 332 1138 quo
356 1097 442 1127 non
467 1085 722 1137 statuimus,
753 1097 833 1127 nos
868 1096 909 1127 et
935 1086 1042 1128 alios
1076 1099 1236 1129 errasse
1260 1102 1393 1141 opor-

172 1171 260 1213 tet,
291 1165 364 1214 qui
395 1161 748 1204 Sanctocruciurn
790 1164 856 1204 vel
891 1162 1124 1213 decennio,
1168 1163 1236 1204 vel
1275 1163 1396 1204 mini-

172 1251 287 1282 mum
320 1239 646 1291 quinquennio,
677 1247 796 1280 antea
821 1248 964 1280 natum
993 1237 1262 1282 credidimus.
1322 1239 1400 1280 Li-

173 1315 274 1357 teris
295 1327 342 1357 ac
368 1314 609 1366 disciplinis
632 1313 860 1355 institutus
882 1313 1181 1366 Gratianopoli
1201 1315 1246 1356 in
1271 1315 1400 1358 scho-

176 1392 218 1434 la
238 1391 521 1446 Jesuitarum‚
557 1391 671 1432 illius
697 1390 986 1434 institutionis
1016 1394 1144 1435 modo
1166 1407 1212 1435 ac
1236 1403 1401 1448 tempo·

173 1479 218 1509 re
262 1466 464 1510 confecto
488 1496 504 1519 2
547 1466 720 1509 militiae
766 1475 919 1509 nomen
958 1480 1072 1510 anno
1123 1468 1403 1513 MDCCLXI

167 1545 299 1588 dedit.

232 1622 336 1663 Erat
374 1619 482 1661 enim
511 1618 547 1660 ei
574 1628 750 1671 patruus
774 1619 1106 1663 Sanctocrucius
1132 1621 1230 1676 ille,
1262 1622 1402 1678 Lega-

174 1707 246 1740 tus
268 1696 497 1750 Legionis,
523 1695 681 1750 insigni
705 1708 848 1739 recens
874 1697 985 1739 fama
1009 1700 1270 1753 celebratus,
1287 1702 1399 1744 Bell-

175 1774 343 1824 insula,
376 1772 601 1814 Gallorum
637 1773 681 1813 in
712 1774 979 1815 Aremoricae
1009 1776 1081 1816 ora
1105 1788 1405 1831 propugnacu-

176 1851 220 1892 lo
237 1881 252 1903 ,
286 1850 487 1892 adversus
513 1849 810 1890 Britannorum
836 1850 1077 1893 diuturnam
1102 1862 1142 1894 et
1163 1859 1405 1898 acerrimam

178 1927 543 1981 oppugnationem
595 1926 851 1968 defendenda
877 1957 892 1978 .,
936 1940 1010 1970 nec
1063 1931 1182 1982 prius
1224 1932 1410 1974 dedenda

170 2017 302 2058 quam
333 2004 479 2046 ultima
505 2015 696 2056 quaeque
720 2013 760 2044 et
787 2014 988 2046 tentasset
1014 2014 1054 2046 et
1081 2007 1266 2049 tulisset.
1313 2009 1403 2050 Cu·-

172 2085 243 2138 jus
268 2081 530 2124 fortitudinis
558 2081 951 2131 commendatione,
987 2082 1075 2125 Rex
1109 2095 1201 2125 eum
1226 2085 1395 2127 Praeto-

174 2167 257 2200 rem
281 2156 382 2199 fecit
405 2156 687 2208 Mirtinicae,
719 2157 912 2198 coloniae
934 2154 1158 2200 Gallorum
1193 2161 1235 2203 in
1258 2162 1402 2203 Antil-

171 2232 268 2276 licis
297 2234 450 2277 insulis
486 2233 836 2278 florentissimae:
873 2244 912 2276 et
938 2236 1183 2287 provinciae
1217 2237 1405 2280 Praetori

1367 2315 1412 2357 in

173 2443 213 2472 sa
244 2433 700 2485 Bibliothequei--Juin-
723 2447 787 2483 par
818 2435 877 2472 M.
901 2432 1075 2472 Silvestre
1100 2433 1145 2473 de
1170 2434 1280 2485 Sacy.
1306 2438 1412 2474 Prae-

175 2507 324 2542 nomina
348 2505 601 2543 Sanctocrucii
628 2508 777 2545 suerunt
795 2534 807 2553 ,
837 2507 1055 2545 Guilielnms
1071 2535 1085 2555 ,
1121 2507 1331 2554 Emanuel,
1350 2507 1412 2548 Jo-

178 2575 326 2626 sephus.

814 2626 905 2672 1³2
