1693 3110
117 307 206 338 sect.
224 305 267 335 Π.

115 349 327 388 Pythagoras.

345 191 433 237 ⁵14
644 173 1255 223 DISPUTATIO

346 302 456 356 sici)
487 313 680 344 caussam
707 302 942 358 efficientem
970 314 1021 342 ac
1035 300 1210 352 finalem
1229 331 1245 352 ‚
1270 299 1340 342 illi
1362 300 1386 356 (
1400 294 1569 344 Theolo-

343 379 427 434 gi)
455 391 651 420 caussam
678 376 946 419 materialem
973 385 1013 416 et
1033 375 1424 427 instrumentalem,
1447 379 1570 431 igno-

345 462 442 496 rent
471 453 545 496 vel
573 451 847 508 negligant.’'
903 451 1037 503 Igitur
1063 451 1321 504 Pythagoras
1348 459 1560 492 utrorum-

346 541 430 582 que
451 537 490 569 et
513 528 623 570 bona
646 527 768 581 sequi
791 538 831 569 et
862 525 970 568 mala
1004 525 1147 580 fugere
1171 526 1359 578 studuit3
1392 524 1449 569 ita
1470 526 1568 579 qui-

345 605 438 648 dem
463 603 669 655 maxime,
701 613 748 644 ut
778 611 961 654 utroque
994 613 1237 644 caussarum
1263 608 1410 655 genere
1438 610 1573 644 utere-

346 689 433 722 tur.
492 679 551 721 Et
586 692 608 721 a
649 677 886 731 Theologis
916 676 1081 728 quidem
1110 677 1282 719 retinuit
1307 678 1493 720 Deorum
1519 688 1571 725 ac

346 754 606 798 Daemonum
646 753 689 796 in
727 751 848 794 rebus
892 752 1085 795 humanis
1120 753 1204 796 vim
1241 761 1283 794 et
1314 752 1567 805 efficaciam,

349 842 579 882 eorumque
627 827 926 881 placandorum
967 827 1199 881 rationem,
1239 826 1573 878 divinationem,

346 905 494 948 Animi
520 904 809 958 purgationem
831 933 845 955 ‚
879 903 1059 955 praemia
1094 913 1134 945 et
1155 914 1312 957 poenas
1333 912 1433 956 post
1461 902 1570 944 hano

355 981 522 1024 vitam:
555 993 576 1021 a
610 973 805 1032 Physicis
841 986 976 1019 autem
1012 977 1214 1019 assumsit
1245 987 1416 1020 naturae
1441 975 1576 1029 expli-

351 1057 559 1098 cationem
576 1087 590 1106 ‚
608 1064 655 1096 ut
676 1055 719 1096 in
743 1066 878 1096 rerum
902 1052 1063 1095 caussis
1087 1053 1303 1095 reddendis
1328 1065 1415 1095 non
1437 1053 1576 1095 Deum

352 1144 402 1173 ex
416 1131 604 1172 machina
621 1130 834 1171 induceret
850 1159 865 1180 ‚
891 1129 964 1170 sed
977 1127 1059 1170 vim
1080 1127 1368 1181 rationemque
1379 1127 1576 1170 materiae

354 1215 398 1250 et
432 1218 567 1248 rerum
596 1205 873 1258 cogitantium
897 1203 1090 1255 aperiret.
1136 1203 1332 1246 Ceterum
1359 1203 1436 1245 hac
1456 1202 1580 1244 etiam

353 1282 518 1324 ratione
556 1279 814 1333 Pythagoras
840 1291 862 1319 a
885 1277 1061 1319 Thalete
1092 1276 1284 1319 diversus
1313 1278 1428 1321 fuit:
1464 1276 1582 1331 quod

355 1357 427 1400 hic
447 1355 617 1409 proprie
636 1353 845 1407 Physicus
866 1351 975 1401 fuit,
997 1360 1037 1392 et
1060 1350 1102 1392 in
1117 1351 1240 1394 rebus
1257 1353 1535 1396 existentibus
1553 1382 1571 1405 ,

358 1431 610 1484 corporeis,
642 1438 685 1470 et
716 1426 1004 1480 singularibus
1028 1436 1218 1468 versatus
1252 1437 1341 1469 est:
1374 1429 1442 1470 hic
1475 1428 1570 1469 Me-

358 1503 638 1560 taphysicus‚
668 1511 709 1544 et
735 1501 786 1544 ab
812 1500 1121 1542 universalibus
1148 1501 1250 1542 ideis
1285 1511 1324 1543 et
1351 1503 1523 1545 remotis
1554 1516 1579 1546 a

357 1582 562 1634 corporea
597 1578 747 1620 natura
782 1573 1034 1618 notionibus
1059 1575 1109 1616 ad
1142 1575 1378 1618 interiorem
1404 1588 1575 1620 naturae

361 1654 650 1710 cognitionem
678 1650 1033 1705 proficisceretur.
1098 1651 1456 1695 Immortalitatem
1487 1653 1583 1705 qui·-

362 1733 454 1775 dem
475 1730 728 1772 Animorum
758 1740 781 1770 a
800 1727 1036 1780 Pherecyde
1065 1726 1309 1769 celebratam
1332 1728 1574 1771 lonicorum

367 1806 607 1850 rationibus
644 1801 981 1845 accommodavit
1016 1811 1057 1844 et
1089 1802 1366 1848 confirmavit.
1428 1804 1582 1847 Cicero

362 1882 507 1925 solum
543 1878 733 1921 nominat
769 1876 1077 1930 Pherecydem:
1109 1880 1252 1932 quod,
1286 1888 1334 1920 ut
1365 1879 1447 1933 jam
1476 1878 1584 1921 dixi-

365 1969 494 2007 mus,
521 1954 658 1996 Ionici
695 1953 738 1995 in
777 1953 858 1994 hoc
894 1954 991 1996 loco
1013 1967 1100 1996 non
1122 1954 1388 2007 praecipuam
1415 1965 1582 2005 operam

362 2030 612 2086 posuissent
635 2059 650 2080 ,
693 2040 768 2069 nec
814 2027 909 2068 inde
947 2028 1095 2069 famam
1144 2027 1362 2071 consecuti
1409 2037 1582 2070 essent:

365 2136 403 2162 ,‚
433 2104 564 2161 Quod
584 2105 725 2146 literis
744 2110 877 2145 exstet
907 2101 1086 2154 (inquit
1116 2101 1255 2146 Tusc.
1277 2102 1313 2145 Ι.
1351 2103 1456 2155 16.)
1477 2104 1588 2145 Phe·

371 2180 542 2236 recydcs
563 2181 712 2234 Syrius
733 2181 921 2236 primum
947 2178 1064 2221 dixit
1089 2179 1248 2219 animos
1269 2192 1350 2220 csse
1373 2180 1587 2221 hominum

365 2261 655 2312 sempiternos.
700 2280 757 2288 -
799 2255 925 2297 Hanc
963 2255 1190 2311 opinionem
1230 2253 1460 2310 discipulus
1495 2253 1585 2307 ejus

367 2332 638 2387 Pythagoras
682 2334 867 2374 maxime
908 2328 1226 2383 confirmavit.”
1295 2329 1374 2371 Sed
1419 2329 1586 2370 lonicae

370 2407 587 2450 doctrinae
619 2407 797 2461 vestigia
829 2415 981 2459 sponte
1017 2414 1230 2457 apparent.
1289 2404 1398 2446 Nam
1430 2403 1586 2458 Pytha-

356 2495 529 2537 goras,
581 2495 709 2533 quum
752 2491 948 2538 statueret
978 2491 1068 2521 esse
1104 2480 1306 2522 Animum
1345 2479 1581 2522 aethereum

360 2558 601 2615 „igneumve
635 2570 707 2611 per
742 2567 876 2601 totam
911 2563 1098 2600 naturam
1138 2553 1372 2609 diffusum,
1412 2554 1493 2597 hoc
1530 2553 1588 2594 si-

1494 2626 1589 2673 mul
