1693 3110
353 147 460 191 DE
528 145 973 191 UNITATE
1045 148 1217 192 DEI.
1307 159 1394 209 459

176 271 213 314 sl
254 278 382 311 terras
410 278 553 310 omnes
576 270 800 321 omniaque
823 268 950 311 maria
971 269 1220 312 victricibus
1247 270 1387 323 copiis

175 355 433 400 peragrasset
458 343 626 394 sibique
651 341 929 395 subjecisset;
963 357 1013 386 an
1038 354 1264 398 putemuS,
1291 357 1389 388 eum

172 422 225 464 ad
250 421 412 473 imperii
444 419 512 461 sui
537 417 867 470 magnitudinem
893 417 1123 470 quidquam
1157 422 1390 465 desideras-

173 509 230 539 sev
293 498 351 538 At
386 493 669 548 philosophi,
703 502 750 534 ut
783 493 921 534 Deum
951 505 1048 536 vere,
1084 494 1296 539 infinitum
1330 496 1396 540 fa-

170 573 313 622 ciant,
358 570 499 612 omnia
542 568 703 611 scilicet
754 569 791 610 ei
825 568 1011 620 addunt,
1055 581 1150 610 cum
1197 582 1241 611 ea
1281 583 1388 623 quae

171 655 301 698 sunt,
335 656 423 688 tum
461 658 506 687 ea
543 657 646 698 quae
683 656 770 687 non
803 654 922 689 sunt.
983 644 1062 686 Sed
1097 655 1291 686 verentur
1330 648 1394 688 ni-

172 722 355 773 mirum,
387 734 439 764 ne
480 721 645 763 sublata
682 720 810 773 spatii
842 720 1078 771 infinitate,
1111 720 1227 762 Deus
1253 722 1397 764 omni.

172 797 254 840 bus
293 798 417 839 rebus
451 809 645 850 praesens
680 808 771 837 esse
809 806 1012 848 nequeat,
1043 804 1083 837 et
1110 797 1228 850 eJ'us,
1262 811 1389 850 quam

170 883 357 922 vocant,
392 860 769 927 Omnipraesentia
794 872 980 913 tollatur.
1042 870 1160 926 Quid
1196 885 1294 916 vero
1322 885 1391 917 est

165 947 423 993 Praesentia
459 949 578 989 loci?
636 947 725 998 Ea,
755 946 790 988 si
813 946 916 999 quid
946 947 1097 999 video,
1129 958 1193 989 est
1216 948 1388 993 alterius

166 1022 224 1065 rei
256 1023 307 1065 ad
345 1023 516 1064 alteram
552 1024 614 1063 vis
647 1031 688 1064 et
713 1021 850 1074 ratio,
883 1032 930 1063 ut
954 1034 1040 1063 eam
1066 1023 1271 1065 continuo
1297 1033 1390 1067 tau·-

168 1110 292 1151 gere,
325 1110 421 1140 cum
458 1110 588 1150 eaque
621 1110 739 1151 agere
768 1097 925 1151 possit.
986 1097 1216 1152 Quomodo
1252 1100 1384 1153 igitur

162 1173 256 1215 Deo
286 1173 466 1225 infinita
499 1174 757 1216 Praesentia
784 1172 911 1213 tribui
937 1172 1112 1224 potest?
1173 1174 1388 1219 Nimirum

165 1248 251 1299 ita,
309 1257 357 1289 ut
406 1249 520 1290 ileus
563 1261 724 1291 summa
765 1248 1042 1302 intelligentia
1088 1259 1389 1303 potestateque

168 1335 315 1365 omnes
352 1335 415 1365 res
459 1325 519 1367 ita
551 1325 890 1378 complectatur,
923 1334 970 1364 ut
995 1336 1061 1366 eas
1090 1326 1262 1377 penitus
1291 1339 1386 1380 per·-

161 1410 331 1454 spectas
382 1410 422 1441 et
459 1413 481 1442 a
521 1414 565 1442 se
597 1400 720 1453 quasi
759 1411 991 1452 suspensas
1027 1400 1203 1442 habeat:
1251 1402 1383 1444 veluti

161 1489 242 1518 nos
279 1489 370 1528 res,
416 1488 522 1528 quae
556 1476 680 1517 nobis
729 1485 970 1526 praesentes
1009 1484 1140 1526 sunt,
1182 1477 1379 1519 sensibus

159 1552 372 1604 percipere
407 1561 447 1591 et
494 1560 668 1593 tractare
704 1551 959 1602 possumus.
1024 1550 1292 1609 Quamquam
1331 1552 1377 1594 in

163 1626 288 1669 nobis
314 1627 502 1681 quidem
549 1625 683 1667 debile
720 1625 930 1677 quoddam
966 1635 1006 1667 et
1044 1626 1274 1668 obscurum
1315 1635 1382 1670 est

163 1703 254 1755 ejus
290 1702 464 1744 virtutis
501 1701 805 1752 simulacrum,
840 1703 955 1753 quod
991 1703 1041 1743 ati
1074 1702 1378 1756 cogitationem

164 1778 346 1819 Divinae
371 1775 628 1829 praesentiae
649 1786 826 1827 prorsus
841 1786 1061 1817 evanescat
1086 1787 1210 1828 atque
1226 1778 1380 1821 obrua-

160 1863 244 1896 tur.
308 1854 389 1894 Sed
416 1863 582 1902 tamen,
614 1862 709 1891 cum
736 1850 941 1897 virtutum
974 1853 1174 1904 imagines
1200 1865 1222 1893 a
1248 1855 1375 1896 nobis

156 1929 242 1982 ipsi
274 1929 509 1978 ducamus,
540 1936 579 1968 et
605 1926 649 1968 in
678 1927 807 1967 Deum
832 1926 1127 1980 conferamus3
1161 1941 1372 1972 removea-

154 2016 252 2046 mus
268 2034 282 2056 ,
298 2004 437 2056 quoad
460 2003 551 2057 ejus
574 2001 659 2043 fieri
684 2011 853 2053 potest,
881 2015 902 2044 a
923 2007 1176 2058 praesentia
1203 2006 1384 2052 Divina]

155 2092 318 2123 omnem
346 2079 509 2130 labem,
543 2090 666 2130 quam
690 2078 962 2130 cogitationis
994 2090 1162 2123 nostrae
1187 2081 1376 2124 imbecil-

154 2156 250 2197 litas
286 2156 322 2197 ei
354 2155 600 2212 adspergitg,
634 2165 674 2196 et
709 2154 979 2205 videbimus,
1011 2156 1061 2196 ad
1099 2169 1239 2199 verum
1277 2149 1369 2213 ejus

153 2232 364 2283 exemplar
409 2231 604 2283 proxime
652 2230 844 2273 accedere
878 2230 1020 2281 illam,
1065 2244 1187 2283 quam
1223 2235 1369 2286 posui-

153 2317 276 2357 mus,
317 2305 622 2349 definitionem.
693 2307 751 2347 Et
787 2304 980 2358 profecto
1015 2304 1070 2347 ita
1114 2320 1157 2348 se
1194 2322 1256 2350 res
1292 2311 1368 2352 ha-

152 2380 251 2431 bet,
283 2390 329 2422 ut
357 2383 588 2434 praesentia
626 2394 711 2424 non
748 2370 823 2422 sua
861 2381 927 2432 vi,
959 2385 1030 2422 sed
1065 2383 1154 2436 ejus
1181 2384 1262 2434 rei,
1295 2386 1372 2426 cui

151 2456 384 2511 tribuitur,
404 2457 489 2513 vi,
517 2459 720 2505 metienda
747 2459 824 2502 sit.
883 2457 930 2503 Si
953 2467 1065 2503 tanta
1087 2460 1237 2502 valeam
1262 2474 1366 2502 ocu-

1303 2536 1370 2578 102
