1693 3110
282 159 368 211 454
573 147 1191 194 DISPUTATIO

293 284 446 329 quanta
471 272 633 315 nullius
656 271 843 314 hominis
881 271 1090 326 ingenium
1129 273 1356 326 cogitando
1389 287 1509 318 asse·

292 350 364 401 qui
386 348 542 400 possit.
607 346 748 402 Quare
772 358 905 388 autem
931 348 967 389 ei
993 349 1230 390 absolutam
1257 348 1500 395 infinitatem

287 424 553 476 tribuamus,
588 436 636 465 ex
672 425 813 466 eodem
848 425 1101 477 Synthetico
1137 436 1384 479 argumento
1421 440 1505 469 ma·

286 501 510 547 thematica
546 502 710 553 quidem
745 503 973 544 necessitas
1008 502 1138 555 repeti
1176 504 1292 545 nulla
1328 513 1503 556 potest:

287 591 424 630 neque
446 579 567 620 etiam
592 588 737 622 contra
753 610 768 631 ‚
804 591 929 632 quare
954 578 990 619 ei
1015 588 1238 631 negemus,
1270 579 1501 631 probabilis

287 666 438 696 caussa
469 655 688 706 reperitur.

346 730 406 770 At
438 738 683 783 argumento
718 727 945 782 Analytico
979 728 1216 771 absolutam
1250 728 1502 772 Infinitatem

285 804 366 848 Dei
392 817 512 856 esse,
545 805 837 846 mathematica
874 808 1125 847 necessitate
1147 806 1301 848 efficere
1325 807 1505 853 volunt:

284 881 389 934 quin
424 881 526 923 adeo
559 882 651 935 ipsa
686 881 881 923 Infinitas
921 891 984 924 est
1023 881 1313 935 principium,
1343 893 1391 923 ex
1417 892 1506 933 quo.

281 957 417 999 Deum
451 969 541 999 esse
573 957 770 1010 probent.
831 957 988 1009 Recte,
1021 970 1095 1000 nec
1123 971 1204 1010 ne,
1236 959 1295 1000 nil
1331 958 1382 999 acl
1415 968 1502 999 rem

282 1043 558 1088 praesentem.
620 1033 916 1076 Concedamus
953 1033 1203 1076 Infinitatem
1232 1033 1499 1073 absolutam:

280 1111 530 1160 videamus,
563 1109 599 1151 si
626 1121 706 1161 qua
731 1109 788 1151 sit
825 1108 1081 1160 necessitas,
1113 1120 1217 1160 quae
1241 1108 1337 1149 inde
1367 1105 1503 1148 unita·

280 1194 363 1228 tem
394 1195 533 1238 cogat,
578 1185 658 1226 Sed
676 1185 865 1235 *primum
884 1184 1080 1226 ‘omnium
1106 1194 1168 1225 est
1192 1182 1503 1235 quaerendum,
1558 1166 1560 1168 V

279 1261 386 1313 quid
415 1261 471 1302 sit
503 1257 717 1310 Infinitas..
777 1260 920 1310 Atque
953 1259 996 1299 in
1020 1259 1147 1311 hujus
1180 1257 1344 1309 quidem
1381 1265 1504 1296 natu-

280 1349 326 1378 ra
350 1348 396 1377 ac
429 1336 472 1377 vi
500 1334 796 1377 constituenda
821 1335 1014 1375 turbatur
1038 1346 1123 1375 non
1149 1342 1309 1373 tantum
1343 1332 1394 1372 ab
1423 1330 1503 1372 im-

279 1412 427 1466 peritis
444 1441 459 1462 2
490 1411 561 1451 sed
583 1409 633 1451 ab
672 1409 725 1451 iis
758 1409 877 1450 etiam
896 1439 911 1460 ,
944 1409 1017 1460 qui
1041 1421 1084 1450 se
1108 1407 1393 1461 philosophos
1412 1405 1498 1448 dici.

280 1489 513 1538 liaoerique
538 1486 714 1527 volunt:
749 1495 929 1537 quorum
953 1483 1147 1536 plerique
1170 1483 1212 1524 in
1235 1482 1421 1525 absentia
1442 1479 1498 1533 fi-

283 1567 400 1607 nium
426 1574 513 1604 eam
541 1568 723 1614 ponunt.
783 1559 886 1601 Non
921 1541 1433 1611 reprehendohactenus,
1464 1557 1502 1599 si

280 1641 411 1683 modo
450 1639 690 1690 intelligant
729 1635 833 1688 quid
868 1636 926 1678 sit
955 1634 1073 1687 fim's.
1145 1634 1272 1675 Hunc
1309 1646 1408 1676 vero
1441 1633 1505 1674 di-

281 1726 388 1761 cunt
413 1727 504 1757 esse
532 1712 740 1766 defectum
765 1712 987 1753 ulterioris
1023 1710 1269 1752 realitatis:
1297 1711 1380 1764 jam
1405 1722 1504 1764 ergo

282 1793 362 1835 De1
387 1790 670 1839 Infinitatem‚
703 1800 809 1841 quae
831 1787 886 1829 sit
908 1787 1142 1842 complexus
1165 1788 1346 1828 omnium
1372 1785 1506 1827 reali-

282 1876 422 1911 tatum
458 1869 505 1908 in
536 1878 690 1906 summo
710 1863 856 1918 gradu
875 1892 891 1915 a
923 1875 1086 1905 omnem
1121 1861 1244 1908 finem
1267 1875 1288 1904 a
1310 1874 1353 1904 se
1377 1873 1506 1914 repu-

283 1943 410 1989 diare.
474 1940 739 1992 Consentio,
770 1941 932 1982 nullum
965 1951 1054 1981 esse
1082 1938 1290 1980 defectum
1313 1938 1354 1979 in
1378 1937 1468 1979 Deo
1483 1950 1502 1984 :5

282 2020 450 2062 nullum
487 2029 580 2059 esse
616 2015 773 2068 finem,
815 2017 1003 2058 nondum
1045 2016 1184 2058 video.
1249 2013 1364 2069 Quid
1393 2012 1503 2055 enim

284 2094 448 2136 tandem
480 2102 543 2134 est
569 2092 707 2142 finis?
765 2092 977 2134 Nimirum
1005 2092 1047 2133 in
1073 2093 1164 2145 ejus
1200 2092 1373 2131 notione
1406 2090 1510 2130 mire

284 2169 492 2213 fluctuant
515 2168 735 2220 homines,
762 2180 859 2210 cum
889 2167 1106 2218 nesciant,
1138 2177 1277 2206 utrum
1308 2165 1364 2206 sit
1386 2166 1502 2219 ajens

284 2257 336 2287 an
362 2257 545 2298 negans:
583 2246 697 2296 quod
719 2254 840 2286 acute
872 2243 1058 2288 ostendit
1088 2241 1276 2284 Loeltius
1307 2239 1408 2282 Ess.
1440 2239 1499 2282 L.

283 2319 341 2362 ΙΙ.
368 2332 410 2362 e.
432 2332 498 2372 17.
554 2320 647 2362 Hoc
673 2331 781 2362 certe
804 2321 919 2373 quod
943 2318 1065 2361 multi
1087 2327 1237 2359 vocant
1261 2315 1413 2367 finem,
1438 2315 1504 2357 ni-

284 2396 360 2438 hlli
388 2405 476 2437 est:
509 2397 581 2447 qui
608 2396 734 2438 ideam
763 2397 841 2438 Dei
878 2396 1108 2437 remotione
1142 2395 1288 2435 finium
1316 2402 1504 2444 eousque

281 2472 543 2532 extendunt,
559 2482 606 2513 ut
630 2481 825 2517 constare
851 2471 934 2519 sibi
955 2470 1047 2524 ipsa
1071 2478 1266 2524 nequeat.
1299 2466 1465 2510 Etenim
1484 2493 1504 2514 ‚

1426 2551 1497 2599 per
