1693 3110
385 186 857 244 fix-useELLANEAE
887 189 1266 245 DOCTRINAE.
1350 206 1443 259 περ

215 323 558 379 experientiam,
602 318 829 370 continet3
872 321 945 362 sed
988 323 1131 364 omnes
1168 325 1288 365 etiam
1335 325 1430 379 ejus

215 402 390 442 caussas
421 410 461 440 et
492 397 719 439 effectrices
737 426 752 447 ,
783 397 1120 440 observationem
1138 428 1153 451 ,
1184 412 1308 442 usum
1328 433 1342 453 ‚
1371 404 1433 443 le-

211 477 426 530 ctionem,
469 475 773 529 scriptionem,
812 476 1236 529 commentationem,
1276 488 1431 520 tracta-

209 555 396 605 tionem,
427 550 736 603 complectitur.
799 549 948 601 Itaque
972 551 1196 604 miramur,
1221 555 1435 598 nemiuem-

208 633 452 671 n051rorum
489 627 818 669 obtrectatorum
858 626 902 667 in
936 627 1041 669 hanc
1076 637 1271 671 tesseram
1304 631 1433 672 invo-

208 707 347 757 lasse,
387 703 599 755 nobisque
631 715 719 745 eam
753 702 1014 756 arrogantiae
1045 704 1237 747 vertisse.
1297 705 1433 748 Vide.

207 783 281 824 'tur
305 794 405 825 sane
426 782 528 822 haec
552 790 696 823 nostra
722 779 903 822 felicitas
926 793 1044 833 esse3
1078 791 1151 834 ut,
1185 795 1312 835 quum
1340 784 1431 825 duo

210 870 355 911 genera
380 859 583 900 lectorum
611 857 836 899 habeamus
851 887 865 909 ,
889 855 1077 900 faventes
1100 868 1140 899 et
1163 859 1427 902 invidentes&

207 933 273 975 illi
300 935 386 976 sint
407 933 552 986 docti,
586 934 659 986 qui
695 934 894 985 videant,
926 943 966 975 et
999 931 1252 989 ignoscant:
1288 937 1331 977 hi
1365 937 1431 979 in-

204 1010 352 1061 docti,
386 1011 459 1062 qui
483 1012 678 1063 videant,
709 1023 784 1051 nec
809 1010 1063 1064 intelligant.

261 1086 380 1140 Ergo
418 1100 533 1129 novo
572 1087 784 1142 opusculo
821 1099 981 1129 novum
1028 1087 1200 1130 titulum
1242 1087 1427 1134 fecimus

203 1166 455 1217 Φιλομοιθίοις
491 1167 544 1209 τὰ
578 1165 799 1218 σποράδην,
844 1165 965 1216 quasi
997 1164 1144 1217 dicas,
1186 1165 1428 1209 Doctrinae:

203 1240 350 1283 Stadii
382 1245 562 1297 sparsim
587 1241 794 1297 prodita,
826 1241 1100 1283 Eruditronis
1133 1243 1302 1295 Varia,
1333 1244 1425 1285 Mt·-

197 1317 410 1360 scellanea
456 1316 712 1360 Doctrinae.
781 1316 991 1359 Graecum
1037 1317 1258 1372 fecimus;
1306 1320 1425 1372 quod

194 1396 283 1436 ‘rem
334 1393 533 1435 disertius
578 1395 828 1436 declararett
885 1392 1091 1435 Latinum
1141 1395 1380 1438 addidimus
1401 1426 1421 1448 ,

197 1469 360 1512 Graeca
395 1470 536 1512 minus
569 1471 854 1523 capientibuS.
915 1467 1034 1525 Quae
1069 1482 1206 1513 autem
1235 1474 1316 1525 sit,
1348 1486 1425 1514 aua

188 1553 317 1590 'ctore
352 1540 554 1599 Platone,
587 1548 838 1602 conjunctio
863 1547 1183 1591 Philomathiae
1205 1559 1245 1590 et
1277 1549 1424 1592 Philo-

197 1625 390 1679 sophiae,
414 1619 661 1678 φὶλομαθοῦς
685 1633 724 1664 et
747 1625 997 1678 φιλοσόφως
1025 1638 1148 1677 quam
1176 1626 1330 1669 Cicero
1356 1640 1422 1669 Se·

197 1710 352 1751 cutus,
386 1697 678 1752 philosophos
705 1697 840 1740 doctos
869 1710 908 1740 et
932 1700 1187 1743 doctissimos
1209 1705 1413 1755 appellat:

198 1777 469 1819 ostendemus
502 1775 544 1816 in
583 1775 873 1818 Annotatione
911 1778 961 1817 ad
989 1777 1183 1820 Platonis
1229 1777 1419 1821 Phaedo-

195 1864 320 1904 nem,
353 1852 406 1894 in
442 1864 524 1905 qna
556 1853 673 1905 typis
708 1853 948 1895 excudenda
982 1867 1095 1895 nunc
1131 1856 1309 1898 maxime
1350 1867 1420 1910 ty-

195 1928 405 1981 pographi
442 1928 580 1969 nostri
615 1939 896 1980 occupantur.
961 1929 1213 1983 Caeterum,
1245 1931 1327 1975 hoc
1360 1934 1418 1975 ti-

190 2000 289 2045 'tulo
325 2004 538 2056 optando,
579 2014 618 2045 et
652 2004 881 2045 modestiae
915 2004 1111 2056 opinioni
1153 2008 1266 2060 apud
1309 2009 1417 2051 alios

191 2081 495 2131 consuluisse,
539 2090 579 2122 et
630 2092 783 2123 nostro
827 2080 962 2122 labori
1007 2082 1169 2124 cavisse
1205 2084 1413 2128 videmur.

167 2155 304 2199 'Nam
340 2162 388 2198 'ut
434 2157 670 2210 antiquitus
702 2157 841 2199 omnis
878 2157 1069 2200 doctrina
1102 2160 1320 2203 dicebatur
1348 2178 1416 2207 σο-

177 2236 272 2288 ’φίοι
288 2264 303 2284 ,
335 2235 574 2288 sapientia,
600 2242 747 2286 postea
771 2243 909 2274 autem
934 2245 1009 2285 per
1028 2234 1415 2282 'modestiam-dicta

187 2317 253 2350 est
283 2311 533 2363 φιλοσοφία,
563 2311 799 2365 sapientiae
824 2308 1040 2361 studium,
1073 2310 1177 2352 idem
1203 2312 1248 2354 in
1272 2314 1413 2355 nomi-

191 2399 244 2431 ne
279 2389 523 2441 Φιλομαθίας
556 2388 725 2430 accidit.
802 2387 991 2441 Cognitio
1023 2388 1215 2430 discendo
1247 2403 1414 2447 compa-

191 2476 301 2509 rata
338 2454 567 2507 vocabatur
592 2468 793 2519 μάθησις,
825 2467 1013 2517 μάθημα·
1045 2468 1135 2520 ejus
1159 2471 1307 2521 copia,
1339 2488 1413 2513 rto-

144 2543 149 2547 ’
188 2544 421 2597 λι·,ι,ςι,’“σιθιέ>ι,4
442 2540 665 2585 doctrinae
701 2544 852 2599 copia:
889 2545 1152 2599 πολυμαθὴς,
1186 2555 1417 2602 praestans

1352 2626 1426 2674 do·
