1693 3110
319 188 397 234 DE
429 184 942 232 IMMORTALITATE
972 184 1167 229 ANIMI.
1263 184 1343 239 613

137 318 182 354 ut
221 309 344 352 refert
376 310 586 373 Diogenes
622 309 764 352 Laert.
810 308 864 353 V.
908 310 979 363 87.
1040 309 1259 360 Denique,
1292 318 1344 349 ne
1366 307 1533 385 {erog-toga

139 385 236 438 quis
275 387 324 427 de
357 388 501 428 nostra
533 386 777 439 conjectura
813 385 1007 436 dubitet,
1038 383 1187 426 statuit
1221 381 1341 423 etiam
1364 395 1436 426 rici.
1476 434 1497 450 ν

136 461 189 503 de
214 461 455 503 Animarum
483 470 583 514 post
604 471 777 503 mortem
804 460 1080 513 migratione,
1115 471 1248 511 quas,
1274 470 1346 499 an-
1367 436 1575 471 ¹¹⁶¹²0¹²de³’

141 544 308 588 tequam
345 537 388 578 in
423 537 613 591 Corpora
643 537 832 586 redeant,
863 536 908 578 in
948 534 1029 577 Via
1060 535 1215 577 Lactea
1240 533 1348 576 coeli

137 611 322 655 habitare
351 612 486 654 dixit:
519 622 565 654 ut
594 610 720 653 refert
753 610 1013 653 lamblichus
1055 612 1100 653 in
1125 610 1344 663 deperdito

134 687 246 729 libro
287 689 338 729 de
379 688 564 740 Anima,
621 687 731 729 unde
764 696 903 740 partes
938 687 1137 740 quasdam
1169 685 1352 740 protulit

134 761 345 805 Stobaeus
368 764 519 818 Eclog.
549 763 679 817 Phys.
709 763 768 807 L.
797 764 831 807 Ι.
871 776 913 816 p.
946 775 1041 818 113.

193 837 262 878 Ab
315 837 531 883 Heraclide
575 840 756 883 multum
804 839 1007 881 dissensit
1048 839 1527 918 D1cAEAa-Dgcaear2

142 926 168 955 c
186 926 325 966 nus,
354 916 479 968 qu'us
514 915 598 957 fuit
632 914 855 969 singularis
906 915 1106 967 quaedam
1138 917 1352 958 doctrinae
1372 897 1390 920 c
1415 894 1465 918 u*

138 988 264 1040 copia
302 998 341 1029 et
373 990 605 1043 elegantia,
645 1000 694 1031 ut
727 1002 820 1032 eum
856 991 1010 1034 Cicero
1044 991 1212 1034 delicias
1253 1005 1352 1034 suas

138 1064 377 1115 appellaret.
437 1064 519 1107 Hic
561 1077 661 1108 vero
694 1066 846 1109 diserte
890 1067 1012 1109 etiam
1061 1067 1354 1109 Immortalita-

142 1147 225 1179 tem
249 1137 498 1181 Animorum
522 1139 800 1193 impugnavit.
848 1143 1083 1185 Audiamus
1105 1143 1355 1186 Ciceronem

139 1210 282 1254 Tusc.
303 1213 335 1257 Ι.
370 1226 438 1266 3ι.
494 1244 520 1265 „
545 1215 770 1259 Acerrime
794 1226 965 1269 autem,
1001 1218 1178 1260 deliciae
1210 1232 1356 1271 meae,

137 1287 435 1338 Dicaearchus
470 1298 623 1331 contra
663 1292 773 1333 hanc
815 1290 1191 1336 Immortalitatem
1232 1293 1360 1336 disse-

138 1365 249 1412 ruit.
292 1363 334 1405 Is
355 1367 462 1414 enim
489 1373 575 1412 tres
600 1365 729 1408 libros
750 1369 947 1424 scripsit,
971 1371 1048 1425 qui
1069 1369 1266 1413 Lesbiaci
1287 1383 1360 1414 νο-

138 1447 326 1491 cantur,
359 1439 470 1495 quod
500 1440 724 1495 ,Mitylenis
748 1456 880 1484 sermo
904 1444 1114 1498 habetur,
1139 1448 1186 1486 in
1209 1446 1357 1501 quibus

142 1514 236 1557 vult
279 1514 431 1569 efficere
473 1515 649 1557 Animos
687 1529 769 1557 esse
806 1518 1067 1561 mortales.”
1135 1519 1250 1562 Idem
1294 1520 1354 1564 ib.

146 1589 257 1642 Cap.
288 1602 354 1633 11.
401 1619 427 1642 „
447 1589 573 1643 Quid
590 1591 641 1633 de
660 1592 930 1636 Dicaearcho
951 1595 1091 1639 dicam
1107 1627 1122 1648 ‚
1154 1598 1228 1652 qui
1251 1597 1363 1638 nihil

147 1667 311 1706 omnino
334 1665 535 1707 Animum
559 1666 677 1709 dicat
699 1670 816 1712 esse?
860 1669 970 1711 Idem
991 1670 1049 1716 ib.
1076 1671 1186 1723 Cap.
1205 1673 1269 1714 18.
1297 1672 1360 1713 in-

147 1740 272 1792 quit,
323 1769 349 1792 ‚,
375 1741 689 1788 Dicaearchum
715 1756 765 1792 ne
789 1744 1042 1792 condoluisse
1070 1746 1234 1802 quidem
1268 1762 1359 1789 um-

143 1830 271 1870 quam
298 1814 438 1859 videri
451 1846 464 1867 ,
489 1818 563 1872 qui
587 1818 786 1863 Animum
809 1833 849 1860 se
868 1820 1023 1862 habere
1042 1837 1122 1865 aon
1147 1823 1358 1865 sentiat.”

151 1893 304 1937 Sextus
330 1892 572 1946 Empiricus
597 1894 711 1939 Adv.
746 1894 884 1936 Math.
910 1896 1032 1939 VIII.
1056 1911 1151 1952 349.
1197 1897 1363 1943 Dicae-

145 1968 303 2010 archus
335 1968 404 2009 nil
441 1982 521 2010 esse
548 1969 640 2012 vult
674 1969 877 2012 Animam
911 1973 995 2013 nisi
1016 1973 1232 2029 quandam
1254 1975 1360 2030 affe-

145 2045 321 2086 ctionem
358 2052 400 2087 et
430 2044 682 2101 qualitatem
726 2046 973 2102 Corporis.”
1042 2051 1214 2093 Atticus
1247 2057 1360 2107 apud

145 2118 380 2162 Eusebium
417 2120 561 2173 Praep.
593 2121 754 2175 Evang.
780 2121 873 2165 XV.
915 2136 956 2178 9.
1003 2138 1047 2178 p.
1073 2127 1169 2171 810.
1201 2127 1253 2171 A.
1294 2131 1360 2172 in·

151 2194 268 2248 quit:
333 2225 359 2246 „
388 2196 678 2244 Dicaearchus
702 2206 833 2239 totam
867 2199 1147 2246 substantiam
1176 2204 1361 2248 Animae

152 2270 337 2316 sustulit.
351 2270 380 2287 ’‘
448 2271 627 2326 Scripsit
677 2286 849 2327 quoque
897 2275 1148 2327 Descensam
1189 2282 1236 2322 ia
1271 2283 1361 2323 An.

154 2355 271 2388 trum
309 2346 559 2403 Trophonii,
591 2360 677 2401 quo
712 2347 821 2391 libro
845 2350 1082 2403 opinionem
1109 2355 1360 2400 Immortali-

154 2423 255 2464 tatis
287 2423 336 2463 ad
366 2422 483 2477 vulgi
521 2424 861 2477 superstitionem
902 2429 1142 2477 amandasse
1179 2433 1358 2478 videtur.⁴

153 2497 236 2546 Sed
258 2510 344 2547 uon
367 2508 428 2546 est
459 2501 575 2560 quod
594 2502 716 2562 plura
739 2503 926 2545 dicamus
942 2533 956 2555 ,
987 2515 1088 2558 post
1123 2506 1362 2553 Fabricium

754 2578 836 2639 Qq
877 2590 899 2640 3
1251 2581 1361 2632 Bm.
