1693 3110
396 234 505 280 DE
556 211 1022 279 'UNI'TATE
1093 234 1262 282 DEI.
1364 245 1465 295 μς

233 364 332 412 tet3
368 359 405 401 si
442 344 800 413 philosophorum
841 358 1073 400 sententias
1110 360 1159 401 de
1193 360 1349 403 unitate
1375 350 1455 405 Dei

232 449 556 491 comparemus,
601 447 745 477 eorum
790 434 863 487 qui
899 446 997 477 ante
1039 436 1323 490 Porphyrium
1361 438 1459 480 fue·

238 524 370 568 runt,
403 526 498 557 cum
532 504 674 554 eorum
712 512 785 564 qui
821 524 922 563 post
956 525 1048 553 eum
1070 512 1258 557 fuerunt.
1317 513 1366 557 In
1395 504 1460 557 ress·

237 591 500 635 centioribus
526 596 696 645 apparet
723 588 844 630 color
874 601 923 629 ex
947 587 1145 643 Judaicae
1166 575 1459 633 Christianae·-

235 681 318 722 que
355 668 571 710 doctrinae
623 665 778 708 notitia
821 666 1006 708 ductus:
1057 666 1101 709 in
1145 668 1461 722 antiquioribus

235 754 304 788 ¹est
327 746 492 799 patrius
521 750 561 786 et
583 743 756 786 nativus
782 743 934 793 color,
966 751 1007 784 et
1031 743 1170 796 gentis
1201 745 1330 785 veluti
1355 748 1457 789 ima-

229 830 317 877 go,
358 835 464 876 quae
497 822 588 866 suis
633 830 673 864 et
707 819 927 876 propriis,
960 831 1049 863 non
1084 819 1230 863 alienis
1260 807 1458 878 viribus&

229 900 407 944 nitatur.
1420 946 1450 959 ,,

226 979 230 984 ’
283 980 343 1023 Et
369 993 470 1023 vero
488 978 637 1035 Judaei
662 992 684 1022 a
707 978 1018 1021 consuetudine
1056 990 1152 1020 cum
1189 977 1455 1040 aliissgenti-

224 1052 311 1102 bus
349 1042 737 1112 tam'pertinaciter
776 1070 822 1099 se
854 1057 1145 1108 abstinebant,
1175 1067 1221 1097 ut
1257 1057 1369 1099 haud
1395 1057 1458 1099 fa-

226 1134 308 1177 cile
329 1134 484 1177 notitia
520 1146 662 1175 eorum
701 1134 753 1175 ad
775 1142 941 1176 exteras
963 1141 1002 1173 et
1031 1132 1292 1185 longinquas
1318 1132 1458 1185 regio-

224 1213 300 1255 hes
336 1211 589 1265 perveniret.
668 1210 821 1263 Neque
860 1218 1114 1268 mercaturae
1158 1207 1242 1249 fere
1276 1201 1456 1250 studue-

222 1278 354 1339 runt,
386 1288 468 1330 nisi
504 1297 701 1341 regnante
725 1287 987 1329 Solomone:
1022 1297 1160 1337 neque
1194 1285 1266 1326 illa
1296 1277 1456 1328 mariti·¹²

222 1379 290 1409 ma
326 1365 473 1408 itinera
513 1364 736 1406 Graeciam
774 1377 922 1406 versus
960 1362 1283 1416 pertinuerunt:
1330 1371 1369 1403 et
1406 1370 1456 1426 u't:

219 1444 433 1499 hodieque
478 1443 554 1497 fit,
600 1444 734 1499 magis
780 1453 1029 1496 spectarunt
1077 1445 1128 1486 ad
1162 1457 1265 1497 opes
1297 1447 1456 1500 conge·

227 1524 407 1574 tendas,
443 1534 565 1573 quam
600 1533 742 1563 sanam
776 1521 1023 1574 religionem
1056 1522 1400 1575 pervulgandam.

274 1599 335 1639 At
366 1609 496 1647 vero,
530 1596 700 1648 inquit,
745 1608 831 1638 non
866 1610 940 1648 per
973 1597 1094 1649 ipsos
1116 1597 1334 1652 JucianS‚
1376 1582 1452 1641 seii

212 1675 270 1719 ab
298 1676 348 1717 iis
373 1688 447 1730 per
474 1674 715 1729 Aegyptios
752 1685 793 1716 et
827 1674 1089 1729 Phoenices,
1125 1676 1326 1719 unitatem
1366 1678 1449 1732 Dei

216 1759 488 1805 acceperunt.
562 1753 622 1792 At
660 1762 764 1792 vero
799 1751 940 1792 nullae
975 1763 1119 1805 gentes
1154 1754 1336 1806 graviori
1371 1768 1448 1811 su·

207 1827 457 1888 perstitioni
485 1836 525 1868 et
550 1826 770 1880 pejoribus
801 1828 850 1868 de
873 1827 1033 1870 Divina
1056 1839 1204 1871 natura
1231 1826 1447 1883 opinioni·

210 1902 294 1945 bus
335 1914 451 1945 erant
494 1902 686 1954 deditae,
728 1902 811 1944 nisi
854 1914 1001 1957 gentes
1049 1904 1168 1956 illae,
1211 1916 1284 1947 aut
1329 1917 1443 1963 certe

209 1991 349 2021 earum
386 1981 571 2033 vulgus,
604 1991 653 2021 ex
692 1991 780 2031 quo
823 1978 908 2021 fere
941 1991 1092 2023 nautae
1119 1992 1161 2024 et
1187 1993 1439 2037 mercatores

205 2056 328 2098 etiam
345 2053 516 2097 fuerunt
533 2067 787 2109 :earumque
800 2057 947 2111 religio
965 2058 1247 2111 ineptissimis
1263 2059 1433 2102 iisdem-

208 2145 293 2186 que
322 2133 606 2176 atrocissimis
641 2134 941 2177 continebatur
969 2135 1138 2181 officiis.
1201 2137 1260 2180 Et
1294 2145 1434 2181 tamen

199 2209 412 2265 JudanS,
437 2220 601 2263 gentem
629 2210 865 2264 simplicem
890 2219 932 2252 et
963 2213 1165 2254 incultam
1193 2213 1295 2255 mire
1327 2226 1435 2256 con·

202 2287 443 2328 temnebant
485 2286 720 2330 Phoenices
780 2274 831 2329 et·
867 2287 1100 2342 Aegyptii,
1142 2289 1334 2333 homines
1382 2302 1432 2333 ut

200 2373 398 2414 perverse
434 2364 664 2406 sentientes
699 2364 750 2406 de
786 2363 942 2407 Divina
969 2375 1146 2418 natura,
1178 2366 1236 2407 ita
1270 2366 1433 2418 exculti

199 2439 363 2480 artibus
400 2447 439 2480 et
471 2440 740 2494 voluptatum
776 2442 996 2484 subsidiis.
1070 2443 1125 2486 Hi
1157 2457 1284 2497 ergo,
1317 2427 1423 2485 mms-

201 2527 323 2566 qnam
353 2529 531 2558 mercem
569 2519 681 2571 apud
710 2519 894 2573 Judaeos
928 2521 1155 2572 quaesitam
1175 2552 1190 2572 ‚
1223 2520 1423 2563 notitiam

196 2592 324 2636 unius
364 2594 472 2648 Dei,
517 2607 604 2639 non
649 2597 694 2639 in
741 2608 859 2640 suam
905 2585 991 2652 ipsi
1027 2597 1238 2653 regionem
1276 2607 1315 2639 et
1348 2609 1424 2651 pa-

1354 2682 1433 2717 trt-
