1693 3110
340 205 425 252 με
619 190 1278 242 PARENTALIA

347 318 561 363 servam,
613 321 656 354 et
703 312 808 356 actis
851 313 1176 369 rationibusque
1219 321 1427 371 ponendis
1472 332 1565 365 cer·

343 398 435 431 tum
460 389 601 431 locum
637 389 845 433 tribuens.
904 392 1052 445 Itaque
1075 393 1272 447 pergebat
1295 395 1424 438 solito
1446 409 1565 444 more

342 468 511 519 vivere,
549 466 612 509 nil
646 467 874 520 quidquam
917 469 1027 511 vitae
1071 478 1286 518 metuens:
1327 473 1456 514 veluti
1486 473 1567 515 mia

345 543 421 596 hi,
462 543 587 597 cujus
619 555 684 585 res
719 543 762 585 in
796 543 964 588 Batavis
997 544 1176 586 incertae
1209 545 1490 598 videbantur,
1521 560 1563 594 a.

345 632 568 665 mncccx.
612 619 910 673 prospiciens,
960 630 1119 672 suaque
1165 621 1306 663 omnia
1357 620 1569 674 offerens,

347 699 466 740 nulla
493 697 744 750 interposita
778 697 896 739 mora
929 696 1094 749 aliquot
1126 698 1339 751 longiores
1363 697 1572 750 epistolas

349 774 528 826 scripsit
548 803 564 826 ,
597 772 719 826 quasi
743 774 904 826 optime
924 774 1098 826 valens,
1132 773 1327 825 quamvls
1352 774 1574 817 debilitato

349 861 555 903 corpore3
589 861 633 890 se
672 849 812 891 minus
840 849 945 891 bene
968 850 1102 891 valere
1126 861 1178 891 ne
1202 849 1447 902 significans
1476 849 1573 902 qui-

350 928 475 979 dem,
516 925 668 968 nedum
708 938 928 971 mussans,
993 925 1193 968 Proximo
1227 937 1337 967 anno
1373 925 1573 968 valetudo

349 1002 511 1044 dudum
546 1001 676 1044 dubia
711 1000 754 1043 in
794 1003 1024 1055 hydropem
1063 1003 1212 1045 evasit.
1271 1002 1358 1045 Cui
1393 1003 1572 1045 levando,

355 1089 487 1128 quum
526 1088 698 1119 vernum
739 1076 1034 1129 aestivumque
1059 1087 1228 1130 tempus
1251 1076 1337 1118 ruri
1361 1075 1573 1129 degisset,

356 1164 553 1207 vergente
576 1163 780 1197 autumno
804 1152 976 1194 Bernam
1003 1151 1126 1194 rediit
1141 1181 1156 1202 ,
1189 1159 1401 1203 praesente
1422 1148 1575 1198 medici

355 1231 427 1274 sui
463 1241 545 1284 ope
581 1241 765 1281 usurus,
799 1229 923 1282 cujus
954 1230 995 1271 in
1025 1229 1239 1270 curatione
1271 1218 1399 1281 porro
1420 1228 1574 1280 degens

357 1308 398 1351 d.
445 1319 525 1351 xu.
564 1304 825 1348 Novembris
861 1305 1026 1359 vesperi
1063 1306 1108 1346 in
1144 1304 1302 1346 lectulo
1344 1303 1579 1358 recubans,

357 1392 457 1423 cum
492 1382 582 1422 suis
606 1393 788 1422 coenans
812 1388 853 1421 et
880 1379 1164 1431 colloquens,
1196 1378 1295 1420 dum
1321 1390 1366 1419 se
1400 1378 1442 1419 in
1475 1380 1577 1428 alte-

352 1467 446 1499 rum
473 1456 586 1496 latus
611 1457 853 1506 convertit,
888 1454 1156 1507 placide,·ut
1183 1464 1385 1506 voverat,
1415 1455 1474 1496 ita
1505 1467 1578 1497 ex-

347 1532 548 1586 spiravit.
609 1529 692 1572 Hic
732 1539 938 1583 quantum
978 1529 1047 1572 sui
1080 1542 1337 1582 suarumque
1371 1530 1580 1575 virtutum

349 1607 603 1653 desiderium
641 1605 860 1659 reliquerit
896 1603 1078 1660 singulis
1104 1615 1145 1647 et
1170 1605 1377 1651 universis
1409 1606 1582 1650 civibus

354 1685 525 1738 totique
557 1682 748 1737 patriae,
777 1681 1042 1724 declararunt
1069 1680 1367 1734 Ephemerides
1397 1681 1578 1724 Beruen-

348 1774 447 1815 seS,
478 1773 566 1804 non
597 1760 724 1812 illae,
757 1769 806 1801 ut
834 1759 965 1811 aliae,
1005 1758 1286 1811 vaniloquae,
1319 1759 1392 1800 sed
1427 1758 1581 1805 verita.

351 1838 411 1881 tis
445 1846 573 1880 testes
609 1846 649 1878 et
674 1835 969 1881 consentiente
992 1835 1147 1890 populi
1167 1834 1331 1890 judicio
1353 1829 1577 1877 confirma-

348 1924 431 1959 tae.
491 1913 587 1956 Nos
613 1922 842 1966 optamus,
874 1897 921 1954 ut
953 1921 996 1954 et
1029 1911 1186 1966 patriae
1215 1912 1330 1953 cives
1366 1911 1434 1954 alii
1459 1905 1577 1955 simi,

351 1993 413 2037 les
437 1992 659 2046 obtingant
681 2022 695 2044 ,
727 2002 766 2033 et
793 1991 837 2033 in
861 1991 991 2046 hujus
1015 2002 1110 2045 erga
1136 2001 1215 2032 nos
1248 1999 1388 2030 amore
1425 1997 1465 2029 et
1488 1986 1577 2030 offi-.

354 2070 435 2113 ciis
458 2069 567 2111 alius
596 2069 685 2121 pari
706 2068 870 2111 virtute
892 2075 1100 2120 cognatus
1124 2065 1338 2106 succedat.

410 2145 487 2190 Vl.
525 2145 653 2188 Hunc
689 2144 826 2188 virum
868 2144 1037 2197 quando
1060 2143 1154 2196 J‘ure
1177 2141 1411 2195 meritoque
1439 2140 1585 2186 lauda-

347 2222 522 2275 vimus,
553 2221 749 2276 religioni
786 2219 988 2264 habemus
1022 2227 1157 2263 tacere
1193 2217 1242 2258 de
1268 2218 1426 2270 optima
1452 2228 1578 2282 ‚soro-

358 2311 426 2349 re,
458 2310 566 2350 quae
593 2298 721 2341 nobis
747 2298 854 2341 hanc
878 2298 930 2339 de
964 2288 1040 2339 illo
1067 2294 1260 2337 notitiam
1302 2293 1579 2350 perscripsit,

355 2385 453 2419 cum
474 2375 724 2428 diligenter,
754 2386 843 2417 tum
878 2375 1065 2416 dolenter
1088 2381 1128 2413 et
1161 2380 1374 2436 amanter,
1405 2370 1583 2424 ipsaque

353 2453 502 2509 paucis
523 2463 623 2504 post
651 2453 867 2496 mensibus
891 2451 1144 2507 diemlsuum
1171 2449 1304 2503 obiit,
1330 2457 1498 2500 nosque
1518 2446 1584 2490 in.

350 2525 480 2573 duxit
511 2527 564 2571 ad
585 2529 917 2574 recordationem
943 2539 1031 2572 non
1059 2526 1187 2570 modo
1217 2525 1345 2582 hujus
1373 2523 1480 2575 viri,
1511 2523 1585 2565 sed

1455 2611 1587 2647 etiam
