1693 3110
433 151 540 196 AD
598 145 1132 203 ιΒοεοΗιυ-Μ.
1337 158 1390 207 5?

178 275 250 327 Tu
274 276 428 331 legeras
452 285 673 325 auctores,
703 274 782 315 hos
795 285 833 314 et
846 287 923 326 ego
937 274 1135 335 legeram:
1169 272 1299 327 igitur
1324 275 1388 315 lo-

178 354 249 404 ci,
280 365 388 406 quos
413 352 515 392 alter
548 350 785 405 proferret,
816 351 932 394 alteri
959 364 1044 393 non
1081 360 1194 396 erant
1229 350 1389 405 ignoti:

180 438 221 476 et
247 440 361 470 erant
398 428 633 482 ejusmodi,
672 435 719 466 ut
744 435 935 471 nostrum
963 427 1131 481 utrique
1157 427 1395 479 placerent:

178 505 279 545 haec
304 505 428 546 nobis
464 503 545 545 fuit
580 501 746 555 materia
774 504 1052 554 συμπαθείας,
1085 515 1190 554 quae
1215 513 1276 547 est
1300 513 1397 554 pars

181 582 355 622 amoris.
415 578 485 620 Tu
523 579 777 624 Graecarum
810 576 1050 624 Literarum
1085 591 1172 620 eras
1207 579 1402 630 cupidis-

184 656 346 698 simus:
380 667 457 709 ego
483 655 741 706 aliquantum
765 653 807 695 in
833 655 884 696 iis
910 654 1180 706 profeceram.
1241 655 1311 695 Tu
1335 665 1401 695 me

185 742 316 772 amare
340 730 578 778 videbaris;
611 729 692 776 hoc
726 741 905 775 amorem
941 741 1035 783 erga
1059 729 1124 770 Te
1150 729 1250 775 mihi
1274 730 1400 772 facie-2

184 807 282 859 bat3
307 818 352 848 ut
374 815 435 847 est
464 806 761 858 proverbium,
784 807 871 859 ἔρως
895 807 1095 858 ἀντέρωτα
1118 809 1258 850 τίκτει.
1302 807 1398 847 Huc

183 884 431 935 accedebat,
448 884 563 936 quod
593 882 662 924 Tu
690 883 830 925 bonus
860 883 986 924 homo
1012 895 1128 934 eras,
1153 893 1193 923 et
1219 894 1281 923 me
1301 881 1399 923 item

188 971 280 1000 csse
313 959 423 999 haud
453 959 693 1003 dubitares:
725 958 930 1008 dicerem,
975 966 1013 1001 et
1037 971 1107 1013 ego
1141 959 1242 1003 item
1274 957 1400 1005 bonus

186 1051 303 1087 eram
320 1069 334 1089 ,
359 1037 443 1079 nisi
463 1039 512 1084 de
526 1037 674 1088 seipso
698 1037 794 1079 haec
818 1035 1032 1090 professio
1057 1036 1398 1089 speciemlevita-

190 1116 249 1161 tis
272 1116 422 1157 habere
452 1125 693 1167 putaretur:
727 1127 922 1169 magnum
948 1115 1053 1157 euim
1083 1117 1291 1168 quoddam
1318 1118 1401 1158 hoc

193 1202 284 1243 est,
315 1200 460 1239 conum
486 1193 689 1234 hominem
717 1204 826 1244 esse,
857 1203 895 1233 et
920 1205 1017 1234 vere
1039 1193 1194 1234 dicitur
1213 1196 1402 1247 χαλεπὸν

189 1270 325 1321 ἐσθλὸν
355 1269 543 1319 ἔμμεναι·
577 1267 625 1318 ab
650 1268 742 1309 aliis
766 1268 963 1309 tributam
990 1267 1073 1310 sibi
1097 1269 1203 1310 hanc
1237 1270 1399 1311 laudem

189 1346 375 1398 accipere
410 1346 531 1386 licet:
568 1346 776 1386 eruditum
812 1357 858 1387 se
888 1357 1008 1396 esse,
1039 1354 1079 1386 et
1109 1345 1248 1398 ipsum
1277 1345 1407 1398 profi«,

192 1422 295 1473 teri,
328 1421 499 1475 puerilis
526 1431 590 1463 est
616 1420 842 1464 vanitatis:
868 1434 943 1463 nec
961 1452 975 1473 ,
1003 1421 1053 1462 ab
1080 1421 1175 1471 aliis
1197 1423 1404 1465 tributum

193 1501 413 1552 accipere,
446 1501 602 1543 invidia
634 1511 766 1547 caret,
826 1498 952 1542 Certe
984 1501 1193 1552 amicitia,
1225 1501 1308 1542 nisi
1343 1501 1405 1543 in-

191 1583 253 1614 ter
279 1574 445 1625 bonos,
476 1588 566 1615 esse
588 1575 752 1626 nequit.

249 1648 432 1701 Migravi
468 1650 855 1702 Amstelodamum,
887 1653 1030 1694 eodem
1065 1665 1175 1695 anno
1209 1663 1398 1698 exeunte.

192 1723 344 1767 Statim
378 1736 416 1767 et
450 1726 637 1783 quotidie
676 1739 756 1768 una
789 1726 978 1780 fuimus,
1010 1738 1050 1770 et
1084 1730 1126 1770 in
1153 1730 1335 1781 studiis,
1368 1740 1409 1772 et

194 1802 238 1852 in
261 1801 375 1851 omui
397 1802 506 1844 vitae
529 1803 852 1845 consuetudine.
889 1804 997 1850 Mox
1023 1806 1170 1846 tertius
1195 1806 1320 1848 nobis
1343 1819 1417 1849 ac-

192 1880 320 1932 cessit
347 1880 582 1922 studiorum
609 1881 751 1922 socius
772 1881 978 1924 Matthias
1000 1882 1296 1927 Temminkius
1315 1916 1328 1937 ,
1344 1885 1409 1927 vir

194 1956 412 2007 optimus,
454 1956 741 2010 lVesselingio
778 1958 952 2000 doctore
983 1959 1131 2001 eximia
1174 1959 1407 2002 Literarum

195 2043 234 2084 et
257 2032 468 2080 Historiae
492 2033 665 2074 scientia
689 2034 902 2085 eruditus,
917 2047 1066 2076 novam
1086 2035 1308 2077 editionem
1328 2039 1411 2079 Ae-v

199 2109 485 2161 thiopicorum
514 2109 731 2151 Heliodori
758 2109 951 2153 moliens.
1011 2110 1094 2152 Hic
1127 2111 1252 2152 nobis
1289 2113 1414 2164 plane

198 2196 311 2237 crat,
356 2188 472 2228 mitis
512 2189 724 2242 sapientia
758 2187 915 2230 Laeli:
959 2188 1082 2241 cujus
1121 2199 1216 2227 cum
1250 2187 1419 2230 lenitate

205 2270 307 2313 tuus
339 2261 508 2313 fervor,
550 2263 694 2303 nescio
731 2262 978 2313 quomodo,
1023 2261 1298 2314 congruebat.
1357 2263 1418 2304 Ita

204 2343 319 2386 tres,
353 2349 498 2389 magna
530 2339 797 2379 voluntatum
838 2336 1142 2388 consensione,
1174 2338 1420 2380 sodalitium

205 2410 455 2464 iunximus,
487 2421 527 2454 et
566 2412 832 2462 sermonibus
863 2412 911 2458 de
945 2413 1062 2455 omni
1086 2412 1324 2455 Literarum
1352 2427 1424 2467 ge-

204 2497 329 2546 nere,
364 2495 449 2538 tum
474 2498 572 2531 vero
595 2487 774 2530 lectione
806 2486 1066 2543 Sophoclis,
1097 2488 1346 2544 Euripidis,
1378 2498 1420 2549 et

795 2562 836 2612 D
866 2572 892 2615 5
1335 2564 1427 2614 Atia
