1693 3110
346 183 434 239 306
726 177 1180 229 MEM0R1A

351 314 442 356 ret,
476 305 536 346 sic
571 301 679 344 inter
712 313 792 344 nos
825 303 1104 346 communiter
1135 305 1327 360 vivebat,
1366 319 1415 354 ut
1443 314 1558 359 unu!

351 388 402 419 ex
423 377 598 429 multis,
629 387 669 419 et
692 378 831 421 animo
867 379 1040 423 firmiter
1060 382 1236 425 infixum
1268 387 1429 429 tenebat
1450 389 1558 432 illud

350 462 535 494 veterum
567 450 766 508 effatum,
799 456 887 498 sola
920 459 1060 500 virtus
1085 458 1296 505 nobilitat.
1353 462 1563 508 Octavum

353 541 481 582 agens
514 542 667 573 annum
701 542 819 585 patre
854 533 1058 586 orbatus,
1090 547 1183 575 cum
1222 536 1388 579 duobus
1419 539 1562 582 fratri-

357 608 440 651 bus
461 610 697 652 minoribus
712 641 727 661 ‚
758 610 985 662 tribusque
1005 610 1225 653 sororibus
1246 613 1366 655 matri
1389 616 1561 657 relictus

345 695 442 737 est,
479 685 651 728 eximiae
684 686 747 728 illi
791 699 877 728 non
920 688 1058 729 solum
1105 687 1359 738 nobilitate,
1405 691 1565 745 quippe

351 760 726 814 Yssclmudeniae‚
763 764 835 805 sed
857 772 897 804 et
934 763 1088 817 ingenii
1112 764 1325 816 animique
1356 765 1561 817 dotibuS,

346 846 387 879 et
409 835 639 881 'liberorum
666 852 841 882 suorum
877 839 1181 882 educandorum
1220 841 1562 884 erudiendorum·-

348 925 430 966 que
459 912 655 966 prudenti
684 926 731 955 ac
768 913 959 966 diligenti
992 913 1284 956 moderatrici:
1317 927 1421 966 quae
1447 916 1562 958 hunc

344 992 573 1044 maximum
622 1001 722 1034 natu
768 992 905 1034 filium
949 991 1140 1044 probatis
1180 994 1563 1046 praeceptoribus,

346 1069 497 1121 procul
522 1068 546 1110 ξι
567 1068 725 1119 domo,
756 1068 800 1108 in
830 1067 1098 1120 disciplinam
1128 1069 1458 1122 convictumque
1480 1080 1567 1111 tra-

345 1145 465 1188 didit.
527 1144 644 1198 Ergo
680 1156 817 1196 usque
856 1145 906 1185 ad
943 1156 1026 1187 xv1
1067 1145 1214 1186 aetatis
1265 1157 1417 1188 annum
1456 1149 1568 1199 apud

350 1225 459 1267 duos
479 1224 676 1276 deinceps
713 1231 1004 1275 praeceptores
1031 1222 1146 1274 fuit,
1179 1223 1363 1274 primum
1394 1224 1568 1267 Crevel-

351 1301 456 1350 dae,
487 1307 633 1352 postea
659 1294 862 1338 Naardae.
922 1295 1004 1337 Hic
1033 1295 1075 1337 in
1100 1297 1226 1338 domo
1252 1307 1290 1338 et
1330 1298 1566 1341 institutio-

352 1387 407 1418 ne
444 1374 685 1415 doctissimi
714 1374 876 1424 Anasi,
915 1371 995 1413 viri
1027 1372 1260 1414 erudiendis
1296 1375 1572 1418 adolescenti-

355 1452 439 1492 bus
462 1449 657 1503 ingenuis
680 1461 880 1502 perquam
917 1446 1085 1498 idonei,
1116 1448 1353 1492 Sacerdotis
1383 1450 1569 1495 Gallica-

360 1527 406 1571 ni
437 1523 701 1574 Refer-mati,
744 1522 950 1564 auditoris
989 1522 1197 1572 quondam
1237 1525 1373 1565 nostri
1407 1535 1446 1567 et
1479 1528 1576 1571 dili-

359 1604 499 1658 gentis
522 1610 561 1643 et
585 1598 793 1654 Jucundi,
823 1610 911 1641 non
935 1599 1074 1640 solum
1109 1597 1262 1650 prioris
1287 1611 1381 1642 orsa
1405 1602 1575 1646 scholae

357 1679 539 1722 ulterius
581 1675 799 1728 excoluit,
843 1673 886 1717 in
923 1674 1128 1726 historia,
1171 1676 1450 1730 geographia,
1492 1691 1576 1722 ma.

332 1776 333 1779 ¹
363 1753 632 1804 thematici8‚
665 1753 853 1803 musica,
886 1751 1080 1804 pictura,
1112 1751 1347 1804 palaestra3
1382 1755 1452 1796 sed
1488 1754 1572 1798 La-

365 1834 495 1874 tinam
519 1841 691 1882 quoque
713 1828 1002 1879 Graecamque
1032 1827 1218 1880 linguam
1254 1828 1303 1869 ad
1329 1841 1421 1870 eum
1447 1830 1574 1874 finem

359 1905 507 1950 didicit
522 1934 538 1956 ‚
570 1913 618 1945 ut
640 1913 763 1956 aptus
786 1902 1006 1943 haberetur
1025 1901 1184 1943 scholis
1208 1900 1502 1946 Professor-um
1528 1905 1570 1948 in

360 1978 587 2023 Academia
620 1976 857 2020 audiendis.
918 1975 1118 2017 Graecam
1150 1974 1321 2026 quidem
1355 1977 1490 2019 adhue
1518 1979 1576 2020 si-

356 2058 402 2100 bi
428 2058 621 2100 intactam
650 2064 752 2097 tunc
781 2054 918 2107 primo
955 2051 1200 2104 inchoavit,
1232 2062 1272 2093 et
1296 2055 1481 2106 cognitis
1507 2056 1576 2099 de.

354 2135 542 2179 elinandi
566 2132 908 2188 conjugandique
930 2130 1173 2182 elementis,
1203 2131 1322 2173 locos
1349 2133 1573 2178 Gedikiani

355 2210 453 2256 libri
492 2212 821 2264 interpretatus,
862 2209 977 2249 ultro
1012 2207 1062 2248 ad
1110 2206 1341 2249 Literarum
1381 2208 1577 2266 fontem,

370 2287 601 2328 Homerum
628 2316 643 2338 ‚
683 2284 866 2339 perrexit
894 2315 910 2336 ‚
954 2283 1115 2326 scilicet
1153 2283 1257 2324 miro
1288 2284 1379 2337 ejtts
1416 2285 1577 2339 legendi

361 2377 501 2408 amore
535 2364 746 2418 ssag1·an3‚
777 2373 818 2404 et
854 2362 1015 2415 egregia
1048 2373 1238 2413 quaeque
1268 2372 1491 2416 expetens,
1524 2364 1576 2405 ad

368 2441 498 2494 huJ'us
533 2441 753 2482 lectionem
792 2440 917 2481 horas
953 2437 1198 2479 subsecivas
1220 2439 1433 2489 contulit,
1465 2437 1582 2491 obje-

368 2527 461 2562 ctas
485 2518 678 2570 quamvis
702 2516 856 2559 multas
883 2513 1178 2568 intelligentiae
1198 2515 1459 2558 difficultates
1479 2527 1582 2555 corr-

1473 2601 1589 2632 stan-
