1693 3110
454 166 568 214 AD
624 155 1182 209 LYNDENUM.
1349 174 1444 226 αφ

270 288 373 337 CR.
425 291 548 334 Istud
582 299 663 332 nos
698 285 983 342 virgilianum
1029 289 1113 332 alio
1163 289 1444 339 confutamus

212 371 475 429 virgiliano:
507 373 592 429 iam
615 370 724 412 enim
749 382 800 412 eo
822 374 1032 424 processit
1055 381 1253 428 tempus,

268 488 428 545 Vesper
451 486 523 531 ubi
543 488 565 529 ὂ
577 492 710 543 pastu
733 483 905 528 tandem
931 486 1133 531 decedere
1151 494 1312 546 campis

207 561 464 606 Admonuit.

269 675 345 721 W.
387 677 507 731 Age,
536 675 765 732 Lyndene‚
797 674 862 720 fer
901 689 1059 734 opem3
1100 679 1158 723 ad
1192 680 1346 724 incitas
1379 693 1446 725 re·

207 753 360 809 digor!

265 830 449 875 LYND.
491 831 561 876 En
580 833 726 877 adsum
742 863 758 887 ,
788 841 916 889 atque
939 833 1037 878 istis
1059 835 1350 891 ponderosum
1376 848 1440 879 re·

206 919 308 963 gero
329 908 589 951 Hesiodeum
603 938 621 962 ,

263 1023 417 1072 Μισθὸς
438 1023 472 1068 δ’
494 1022 602 1078 ἀνδρὶ
625 1024 733 1080 φίλῳ
757 1024 951 1080 εἷρημὲνος
977 1025 1108 1079 ἄρκιος
1138 1026 1260 1070 ἔστω.

266 1137 442 1181 Solvere
468 1138 631 1182 debetis
665 1150 767 1181 caro
792 1138 885 1182 viro
911 1137 1148 1180 condictam
1181 1137 1440 1193 mercedem,

208 1225 282 1258 aut
307 1226 466 1268 totam,
488 1225 563 1259 aut
583 1224 788 1269 quantum
810 1215 902 1271 eius
923 1216 1026 1258 satis
1047 1224 1188 1268 putet.
1230 1215 1288 1257 Et
1308 1227 1442 1269 quan-

204 1294 431 1347 doquidem
456 1307 564 1349 ego,
595 1294 684 1336 litis
710 1292 864 1335 arbiter
885 1293 1120 1335 advocatus
1136 1323 1152 1344 ‚
1175 1293 1284 1334 scire
1303 1305 1438 1345 aveo,

206 1371 311 1423 quid
343 1383 420 1413 vos
453 1371 504 1412 de
532 1371 614 1413 ista
651 1370 694 1412 in
721 1369 884 1411 Horreo
908 1369 1079 1422 prodita
1101 1370 1433 1422 reprehensione

204 1445 431 1497 sentiati8‚
463 1458 551 1488 non
575 1445 726 1487 dubito
754 1444 858 1498 quin
888 1453 928 1485 et
964 1456 1043 1487 vos
1064 1443 1166 1485 huic
1189 1446 1296 1499 ἀνδρὶ
1327 1448 1443 1500 φίλῳ

202 1521 470 1566 satisfacturi
501 1520 625 1574 sitis,
659 1520 915 1571 sitantum,
947 1526 1152 1570 quantum
1177 1518 1295 1574 dixi,
1321 1530 1438 1563 nunc

201 1594 632 1649 repraesentaveritis.

257 1672 333 1715 W.
373 1671 545 1723 Probo,
576 1670 781 1724 Lyndene
802 1702 818 1724 ‚
852 1670 1074 1713 arbitrium
1098 1679 1240 1715 tuum.

256 1748 355 1792 CR.
397 1748 524 1790 Dicat
558 1746 814 1790 Philalethes
831 1778 846 1800 ‚
894 1758 1082 1800 quocum
1123 1760 1206 1789 una
1237 1747 1349 1801 legi,
1389 1759 1435 1794 et

197 1824 403 1869 consensi
425 1824 627 1866 inscitum
654 1833 695 1865 et
718 1823 881 1877 puerile
903 1835 996 1866 esse
1020 1826 1434 1872 commentariolum.

199 1902 378 1955 Singula
398 1913 485 1944 non
509 1900 691 1954 amplius
714 1901 930 1946 recordor.

254 1978 351 2024 PH.
402 1978 463 2022 Et
496 1991 575 2033 ego
608 1991 696 2022 non
730 1979 814 2021 nisi
841 1980 1069 2033 universe,
1104 1982 1178 2023 sed
1210 1981 1316 2025 satis
1346 1993 1435 2025 me«-

199 2056 310 2100 mini
333 2055 472 2098 fuisse
505 2055 724 2109 negotium
757 2055 961 2109 plenum,
987 2067 1038 2098 ut
1058 2058 1342 2112 arrogantiae,
1373 2057 1434 2101 ita

197 2132 489 2188 ignorantiae,
531 2134 703 2186 plenum
738 2131 851 2175 ruris
881 2141 923 2174 et
960 2132 1260 2179 inficetiarum.
1319 2135 1432 2181 Nam

198 2211 323 2262 quod
344 2210 389 2252 in
405 2209 508 2252 Vita
527 2208 774 2252 Ruhnkenii
795 2210 845 2252 de
868 2209 1014 2252 Kantii
1029 2210 1227 2255 doctrina
1246 2212 1429 2266 dicitur,

199 2296 290 2328 eam
322 2285 535 2328 orationis
573 2295 614 2328 et
634 2297 861 2329 novorum
900 2286 1130 2331 verborum
1166 2288 1431 2333 obscuritate

200 2373 249 2403 ac
272 2361 409 2414 spinis
432 2362 650 2414 laborare,
681 2363 725 2405 id
743 2374 795 2404 ne
817 2362 902 2416 ipsi
928 2364 1098 2416 quidem
1126 2364 1171 2406 in
1196 2364 1427 2408 Germania

174 2472 184 2481 ,
208 2437 407 2478 Kantiani
431 2448 609 2492 negant:
641 2450 763 2493 negat
786 2448 828 2480 et
854 2439 1119 2492 reprehendit
1150 2441 1423 2485 Horremus·

197 2512 352 2567 idem,
383 2513 585 2558 Kantium
615 2527 728 2560 nova
765 2515 890 2559 verba
920 2514 1176 2564 fabricatum
1202 2517 1435 2564 defendens

1300 2609 1435 2641 exem-
