1693 3110
369 197 455 248 640
680 186 1297 235 DISPUTATio

188 334 277 378 sect.
298 327 342 361 X.
357 313 550 360 confecit
562 313 780 368 disjuncta
808 311 1281 367 argumentatione,seu
1299 313 1580 369 Dilemmate3

183 372 320 407 cmm
365 403 412 435 ut
449 391 711 441 ostenderet,
742 389 802 431 nil
834 390 932 432 mali
968 400 1057 430 esse
1091 389 1134 430 in
1170 388 1342 444 Morte,
1375 391 1465 434 sive
1501 403 1577 445 pet

361 479 446 509 eam
485 465 622 508 omnis
663 464 806 506 Animi
841 475 990 506 sensus
1026 464 1347 518 exstinguatur,
1389 465 1481 508 sive
1513 478 1577 508 re-

360 553 520 586 maneat
547 540 690 582 Animi
717 552 897 582 sensus:
929 539 1045 591 quod
1067 539 1105 580 si
1129 539 1235 581 enim
1262 542 1367 583 illud
1395 542 1479 593 sit,
1509 541 1572 583 nil

361 620 458 662 mali
477 617 601 659 nobis
625 628 742 667 esse,
767 627 897 668 quum
921 614 1005 667 ipsi
1024 615 1107 668 J'am
1132 615 1240 657 nihil
1262 617 1423 669 simus3
1457 615 1576 668 quod

362 695 401 738 si
431 706 530 735 vero
556 701 759 733 remaneat
781 701 931 731 sensus
947 720 961 739 ‚
992 691 1105 732 hunc
1141 691 1286 734 Animi
1309 701 1465 733 statum
1488 702 1579 732 non

361 781 489 825 posse
513 767 722 810 infelicem
765 778 871 808 esse.
934 766 1098 819 Igitur,
1140 765 1359 808 recensitis
1381 765 1584 807 Veterum

363 845 612 895 sententiis,
645 843 701 884 ita
742 840 988 892 concludit,
1022 852 1068 883 ut
1103 840 1293 883 Platonis
1333 838 1584 892 sententiam

365 933 574 973 tamquam
589 917 936 961 verisimillimam
957 924 1175 968 sequatur.
1203 916 1430 969 Ceterum,
1452 928 1585 970 quum

366 996 578 1039 inlinitum
617 994 704 1044 sit,
735 1003 865 1035 totam
897 992 1002 1033 hanc
1036 991 1366 1044 disputationem
1403 993 1588 1043 referre,

371 1071 562 1130 contenti
598 1081 744 1111 sumus
780 1067 1084 1110 connexionem
1121 1077 1161 1109 et
1188 1068 1305 1120 quasi
1337 1077 1496 1120 puncta
1522 1078 1588 1107 ar·

373 1155 664 1202 gumentorum
706 1145 1081 1186 Ciceronianorum
1133 1153 1313 1185 notasse.
1400 1142 1589 1184 Primum

371 1222 505 1266 adfert
553 1220 841 1272 antiquitatem
894 1230 933 1261 et
971 1218 1246 1271 frequentiam
1288 1209 1504 1272 opinionis
1542 1217 1596 1258 de

370 1297 689 1340 Immortalitate
711 1295 964 1335 Animorum
984 1323 998 1344 ,
1021 1306 1126 1345 quae
1149 1294 1296 1346 opinio
1315 1293 1364 1334 ab
1391 1291 1504 1334 omni
1526 1302 1592 1332 ae-

371 1386 430 1416 vo
458 1372 571 1424 apud
599 1381 744 1411 omnes
767 1378 910 1423 gentes
934 1368 1143 1410 dominata
1170 1368 1249 1420 sit3
1280 1380 1404 1420 quare
1427 1379 1512 1408 eam
1538 1368 1598 1407 le-

378 1448 444 1502 gis
483 1445 688 1488 naturalis
724 1443 808 1485 vim
846 1445 1025 1496 habere,
1067 1444 1227 1496 quippe
1262 1455 1366 1494 quae
1402 1441 1594 1483 omnium

378 1520 565 1576 gentium
599 1532 811 1562 consensu
861 1519 1049 1561 stabilita
1086 1519 1166 1560 sit:
1224 1518 1334 1570 Cap.
1371 1530 1421 1560 12
1446 1538 1500 1550 -
1527 1528 1596 1569 15.

380 1599 491 1649 Sed„
522 1607 569 1638 ut
591 1595 633 1637 in
659 1607 707 1637 eo
732 1595 1008 1638 consentiunt
1042 1603 1185 1648 gentes
1211 1605 1466 1650 permanere
1490 1587 1600 1634 Ληί-

381 1687 465 1717 mos
482 1680 574 1729 post
593 1680 767 1713 mortem
785 1701 799 1723 ,
821 1671 878 1713 ita
903 1670 1156 1713 diSsentiunt
1183 1670 1233 1711 de
1257 1668 1492 1711 conditione
1513 1677 1601 1710 sta-

383 1759 452 1791 tus
483 1748 664 1802 futuri:
707 1747 812 1800 Cap.
851 1746 917 1788 16.
987 1739 1247 1798 Enimvero,
1292 1746 1600 1801 qu'uscumque

384 1824 648 1869 substantiae
679 1821 735 1865 sit
760 1817 973 1873 Animus,
1006 1834 1091 1863 non
1122 1830 1185 1863 est
1216 1828 1398 1863 terrenae
1431 1818 1496 1862 vel
1521 1816 1608 1861 hu·

385 1902 547 1951 midae,
580 1901 651 1940 sed
679 1896 821 1951 potius
860 1899 921 1940 :el
955 1892 1089 1939 ae‘reae
1124 1893 1189 1938 vel
1219 1898 1358 1950 igneas.-
1396 1906 1598 1947 naturae,

401 1977 546 2030 prouti
574 1974 731 2016 Stoicis
758 1970 950 2026 placuit3
983 1973 1019 2015 si
1048 1965 1214 2025 quidem
1241 1984 1289 2014 ex
1313 1984 1398 2014 uno
1428 1972 1494 2014 vel
1513 1972 1610 2025 plu-

389 2049 511 2094 ribus
548 2055 730 2101 quatuor
757 2046 923 2090 illorum
956 2049 1253 2091 elementorum
1280 2055 1463 2090 constat.
1529 2046 1609 2100 lgi-

391 2137 464 2170 tur
503 2135 603 2179 post
641 2125 876 2167 discessum
918 2136 967 2166 ex
1003 2124 1196 2177 Corpore
1239 2135 1406 2166 sursum
1455 2122 1606 2166 fertur.

390 2202 504 2246 Idem
535 2201 674 2253 valet,
716 2201 751 2242 si
772 2201 1001 2243 secundum
1027 2201 1331 2252 Aristotelem,
1370 2212 1419 2241 ex
1455 2200 1608 2251 quinto

393 2279 576 2330 quodam
599 2277 801 2318 elemento
829 2285 1006 2320 constet.
1063 2276 1174 2318 Nam
1202 2277 1306 2318 idem
1333 2284 1513 2327 quoque
1540 2285 1613 2315 va-

393 2355 505 2403 lere,
537 2354 601 2405 si,
633 2366 680 2394 ex
707 2353 896 2394 Platonis
923 2351 1158 2402 sententia,
1196 2352 1245 2393 ab
1275 2345 1390 2393 omni
1413 2349 1615 2401 corporea

394 2428 710 2482 compositione
742 2439 929 2470 remotus
954 2437 993 2469 et
1016 2428 1192 2480 simplex
1223 2427 1304 2479 sit,
1335 2431 1407 2479 per
1426 2436 1470 2465 se
1490 2421 1614 2465 intel·

399 2507 566 2560 ligitur.
612 2505 726 2555 lfrgo
750 2517 917 2546 sursum
945 2503 1076 2545 elatus
1100 2503 1290 2555 pervenit
1313 2501 1354 2543 in
1380 2498 1617 2541 subtilioris

399 2580 509 2625 a‘e'ris
534 2578 721 2633 regiones
741 2610 755 2631 2
787 2579 931 2633 ibique
953 2577 1154 2621 felicitate
1173 2577 1341 2622 fruitur.
1386 2573 1504 2630 Quae
1525 2573 1618 2615 feli-

1556 2660 1618 2690 ci·
