1693 3110
339 161 420 214 156
707 151 1190 198 EPISTOLA

328 279 613 328 philalethes,
647 276 831 330 Agrotae
859 277 906 319 F.
926 307 941 327 ‚
973 284 1011 317 et
1047 272 1301 318 Critobulus
1327 272 1549 326 Asclepia-

332 359 399 400 dis
440 355 520 405 F.‚
565 353 715 394 multae
753 351 1117 404 politissimaeque
1152 349 1343 390 homines
1382 346 1542 389 doctri-

331 444 439 483 nae,
472 439 513 471 et
552 429 788 470 studiorum
825 426 1151 478 communione,
1183 435 1223 466 et
1244 424 1451 466 amicitiae
1470 436 1543 466 ve-

326 515 514 557 tustate,
549 516 707 547 mecum
740 504 977 558 conjuncti.
1048 501 1135 557 Qui
1175 500 1320 542 subito
1349 498 1411 542 Te
1440 512 1543 542 con-

329 582 513 636 spicati,
545 581 807 631 reditumque
843 579 943 621 Tibi
970 578 1194 631 gratulati,
1239 588 1370 629 quum
1405 575 1544 618 eonti-

332 670 420 700 nuo
446 668 639 709 quaerere
661 656 901 708 coepissent
918 685 932 707 ‚
964 655 1115 706 ecquid
1140 641 1435 706 apudexteros
1462 664 1541 694 no·

332 735 412 777 vi?
444 746 603 786 ecquos
623 734 760 774 claros
781 732 896 774 viros
931 730 1148 772 vidisses?
1179 729 1329 782 ecquid
1351 729 1469 770 illum
1496 728 1542 769 in

333 811 405 853 illa
427 822 560 862 terra,
590 809 745 861 ecquid
767 809 892 849 alium
917 807 960 849 in
982 807 1091 850 alia‘.2
1135 805 1292 857 Tuque
1313 804 1367 846 iis
1396 805 1454 845 ita
1483 816 1547 845 re-

334 887 609 942 spondisses‚
642 894 688 926 ut
719 894 759 926 et
783 884 1042 929 humanitate
1077 894 1147 925 tua
1171 894 1210 927 et
1235 882 1449 936 diligentia
1475 883 1545 924 de-

336 962 479 1005 lectati
515 962 783 1012 viderentur,
816 960 875 1001 sic
910 960 1162 1013 perrexisti:
1221 989 1248 1011 „
1283 959 1544 1008 Enimvero,

340 1070 368 1093 ,‚
398 1036 746 1093 praestantissimi
773 1035 853 1077 viri
872 1066 886 1087 ‚
917 1035 999 1083 alio
1025 1034 1150 1082 vobis
1174 1043 1359 1092 tempore
1384 1035 1433 1074 de
1454 1044 1547 1079 cae-

338 1126 368 1168 ·„
397 1115 525 1166 teris,
558 1126 663 1166 quas
697 1112 925 1165 quaeritis,
958 1111 1081 1153 rebus
1115 1109 1396 1152 satisfaciam:
1432 1121 1547 1152 nunc

343 1220 371 1243 ,‚
403 1190 506 1230 mihi
547 1190 653 1230 hanc
692 1188 854 1231 veniam
887 1188 1016 1237 date,
1069 1197 1117 1228 ut
1159 1186 1379 1229 conficiam
1431 1186 1551 1239 quod

342 1296 368 1318 ‚‚
398 1277 643 1319 coeperam,
675 1274 715 1306 et
750 1278 771 1306 a
807 1264 881 1307 W.
914 1274 1062 1306 nostro
1099 1274 1220 1307 vetus
1247 1265 1431 1306 debitum
1463 1265 1550 1307 exi-

341 1375 369 1404 „
401 1357 520 1398 gam,
554 1343 674 1396 quod
707 1351 800 1384 ante
826 1343 1068 1396 complures
1098 1343 1198 1384 mihi
1231 1355 1364 1386 annos
1395 1343 1552 1397 promi-

335 1450 370 1474 .„
401 1422 484 1471 sit,
517 1434 559 1468 se
595 1421 643 1462 de
664 1420 903 1462 novissimo
939 1419 1014 1462 illo
1049 1419 1444 1472 philosophantium
1469 1419 1554 1461 fer·

343 1526 371 1550 ‚‚
401 1509 501 1537 vore
524 1493 836 1537 narraturum.”
890 1494 982 1536 lllis
1007 1494 1112 1535 inter
1132 1507 1176 1538 se
1201 1493 1550 1545 subridentibus,

342 1584 382 1632 et
423 1584 639 1614 assensum
682 1571 864 1613 invicem
907 1580 1014 1612 nutu
1044 1569 1412 1624 significantibus,
1449 1569 1555 1611 affir-

341 1651 640 1703 mantibusque
672 1659 962 1702 opportunum
1009 1647 1091 1689 sibi
1132 1647 1315 1689 accidere
1350 1646 1393 1687 id
1429 1657 1555 1700 argu-

341 1739 559 1778 mentum,
591 1737 631 1768 et
668 1727 844 1768 libenter
874 1725 1119 1776 anditur053
1153 1724 1321 1765 habitus
1347 1723 1452 1765 inter
1474 1735 1555 1766 nos

340 1816 403 1851 est
426 1806 493 1847 hic
524 1817 690 1856 sermo,
725 1816 849 1857 quem
876 1812 922 1843 ut
946 1800 1254 1844 conscriberem
1281 1800 1553 1852 ederemque,

341 1882 465 1926 vobis
487 1881 756 1923 hortantibus
771 1911 785 1930 ,
806 1893 883 1933 ego
909 1891 973 1919 me
993 1877 1204 1919 facturum
1231 1886 1269 1917 et
1293 1876 1344 1917 ad
1366 1874 1431 1916 Te
1452 1875 1556 1916 scri-

340 1970 509 2013 pturum
545 1957 746 2010 promisi:
782 1966 822 1997 et
856 1967 968 1996 nunc
1008 1955 1129 1996 fidem
1166 1953 1375 2003 liberans,
1399 1952 1558 1995 editum

342 2047 382 2080 et
415 2036 490 2075 hae
530 2035 621 2086 ipsa
656 2032 1007 2085 comprehensum
1058 2028 1237 2083 epistola
1278 2027 1381 2069 Tibi
1417 2026 1557 2072 mitto.

340 2115 411 2157 Sic
446 2124 579 2155 autem
615 2113 819 2162 resertur‚
863 2110 984 2163 quasi
1017 2108 1100 2162 ipsi
1134 2109 1353 2159 loquentes
1387 2104 1559 2148 induca-

342 2203 460 2243 mur3
494 2202 544 2231 ne
582 2193 755 2247 inquam
793 2198 830 2229 et
870 2189 1012 2242 inquit
1049 2183 1216 2236 saepius
1248 2182 1558 2233 interponatur,

341 2269 389 2311 In
420 2280 507 2318 quo
537 2267 606 2308 Tu
646 2266 938 2309 auctoritatem
974 2259 1197 2304 Ciceronis
1230 2257 1293 2299 tui
1327 2267 1556 2311 agnosces:

345 2343 418 2395 qui
445 2342 486 2384 in
514 2341 660 2384 Laelio
692 2341 788 2384 item
820 2340 951 2392 fecit,
982 2337 1171 2381 Platonis
1205 2335 1305 2390 sui,
1336 2341 1383 2376 ut
1414 2334 1560 2386 nosti,

341 2419 576 2472 exemplum
603 2426 796 2460 secutus.
