1693 3110
298 170 379 216 DE
408 159 922 212 IMMORTALITATE
953 159 1148 205 Auum.
1249 169 1329 216 511

113 294 277 351 ψυχρὸν
309 294 356 334 in
386 290 620 347 pulmonem
654 285 840 327 attrahi.
909 283 968 326 Et
1002 295 1098 325 cum
1135 283 1332 326 Pseudo·

126 371 378 415 Plutarchus
429 378 516 410 non
559 362 798 416 significet,
841 360 964 414 cujus
1009 359 1212 413 Diogenis
1256 360 1331 400 hae

126 447 214 489 sint
249 444 501 498 opiniones,
545 440 790 490 eaedemque
826 436 996 478 minime
1032 436 1278 478 abhorreant
1310 447 1333 476 a

123 519 362 561 Stoicorum
389 514 608 564 doctrina,
640 522 784 554 contra
811 522 935 564 quam
961 513 1126 562 putavit
1152 511 1335 553 Bracke-

124 608 197 638 rus
213 624 228 648 ,
256 603 302 636 ut
328 593 436 635 infra
457 590 719 634 videbimus:
744 589 842 630 haec
866 588 998 640 igitur
1024 599 1119 630 cum
1138 587 1194 628 ita
1217 588 1331 640 sint,

121 670 303 713 arbitror
339 670 412 711 has
453 666 675 721 opiniones
709 665 852 718 potius
878 664 1084 718 Diogenis
1109 664 1336 717 Babylonii

123 746 288 797 Stoici,
322 757 443 797 quam
468 744 596 799 hujus
623 742 920 795 Apolloniatae
943 740 1092 783 fuisse.
1152 742 1267 793 Ergo
1293 749 1334 781 et

121 836 171 867 ex
210 823 369 875 reliqua
408 820 613 874 Diogenis
649 817 842 860 doctrina
874 827 914 858 et
950 819 1047 859 loco
1085 816 1333 858 Aristotelis

119 898 363 951 colligitur,
394 897 502 938 hanc
537 894 672 935 fuisse
700 893 813 934 illius
843 891 1089 934 sententiam
1109 923 1124 945 ‚
1173 922 1207 944 ,‚
1239 893 1334 932 am'a

119 985 232 1013 mam
249 1005 262 1024 ,
288 973 390 1025 quia
414 968 603 1011 movendi
631 976 670 1008 et
689 966 904 1020 cogitandi
925 969 1008 1009 vim
1032 966 1208 1018 habeat,
1221 977 1335 1021 par-

119 1055 203 1088 tem
240 1059 322 1087 esse
354 1046 468 1086 aeris
505 1043 654 1094 illius,
695 1044 769 1099 qm·
796 1045 1059 1098 prlncipium
1099 1056 1241 1083 rerum
1281 1053 1332 1082 aa

117 1122 237 1166 Deus
259 1130 357 1163 esset
369 1137 388 1176 ‚·
417 1122 555 1175 igitur
580 1134 659 1162 non
682 1133 774 1161 cum
799 1129 972 1175 corpore
996 1117 1254 1173 exstingui?

177 1198 368 1241 Ultimus
396 1199 437 1240 in
464 1198 539 1239 hac
567 1197 808 1239 lonicorum
844 1197 1113 1239 successione
1137 1196 1219 1238 fuit
1253 1197 1331 1238 So·

117 1275 246 1318 cratis
286 1276 479 1329 magister
511 1285 882 1317 ARCHELAUS
903 1304 917 1326 ,
957 1273 1033 1325 qui
1065 1273 1167 1325 quid
1202 1286 1330 1326 pecu·

117 1352 271 1394 liariter
296 1352 345 1394 de
371 1351 452 1393 hoc
468 1359 713 1406 argumento
739 1349 940 1402 senserit,
966 1363 988 1392 a
1013 1351 1135 1391 certis
1161 1351 1329 1402 quidem

117 1428 362 1471 auctoribus
394 1441 481 1470 non
501 1429 697 1470 traditum
720 1435 798 1468 est.
829 1425 921 1467 Nec
946 1434 1080 1467 tamen
1101 1439 1327 1479 repugnem

117 1504 360 1556 Bruckero,
392 1504 466 1555 qui
494 1514 542 1543 ex
568 1501 959 1555 Pseudo-Origene
982 1503 1088 1544 hanc
1119 1501 1154 1542 ei
1180 1503 1329 1544 tribuit

116 1580 356 1633 opinionem
373 1609 388 1631 ,
419 1588 593 1619 mentem
623 1578 807 1620 omnibus
830 1581 1026 1620 innatam
1051 1591 1133 1620 esse
1164 1581 1331 1620 anima-

114 1656 250 1711 libus‚·
281 1669 378 1697 nam
411 1664 451 1696 et
480 1664 661 1710 corpora
697 1654 837 1695 omnia
872 1655 940 1695 uti
965 1662 1122 1706 mente,
1154 1654 1246 1696 alia
1268 1656 1328 1695 ci-

112 1732 196 1772 tius
229 1731 321 1771 alia
357 1729 554 1771 tardius:
598 1729 684 1771 vid.
729 1728 901 1781 Origen.
944 1729 1321 1783 Philosophumen.

113 1819 207 1858 cap.
234 1807 303 1849 lX.
337 1819 380 1858 p.
409 1808 509 1858 890.
541 1805 757 1848 Convenit
782 1805 887 1846 enim
918 1806 998 1848 hoc
1023 1818 1117 1847 cum
1144 1807 1329 1859 reliquo·

113 1895 204 1924 rum
235 1878 474 1924 Ionicorum
510 1883 721 1926 doctrina.
781 1882 845 1924 De
885 1883 1057 1925 Animae
1091 1897 1191 1926 vero
1228 1894 1327 1937 post

112 1958 219 2000 hanc
244 1958 369 2000 vitam
401 1967 515 2000 statu
531 1988 546 2010 ‚
579 1970 665 2000 non
690 1957 942 2000 dissensisse
967 1958 1129 2000 videtur
1153 1972 1175 2000 a
1200 1958 1327 2012 magi·

112 2046 203 2078 stro
233 2036 511 2090 Anaxagora3
544 2036 704 2089 quippe
731 2046 805 2077 nec
831 2035 988 2086 reliqua
1011 2035 1148 2087 ipsius
1173 2036 1327 2088 placita

113 2123 207 2154 eum
233 2112 452 2155 dissentire
487 2113 721 2167 cogebant,
764 2122 840 2153 nec
874 2110 1044 2154 Veteres
1076 2111 1206 2167 liujus
1239 2109 1327 2152 dis·-

111 2189 262 2230 sensus
288 2188 540 2231 mentionem
570 2188 774 2230 fecerunt.

167 2262 341 2315 Itaque,
374 2264 409 2305 si
434 2277 483 2306 ex
509 2264 560 2306 iis
578 2294 593 2316 ,
623 2275 727 2316 quae
750 2262 952 2304 hactenus
983 2261 1322 2315 disputavimuS,

111 2341 228 2382 certa
251 2340 528 2384 conclusione
556 2341 793 2383 lonicorum
823 2340 872 2381 de
894 2339 1068 2381 Animae
1089 2349 1188 2394 post
1214 2352 1325 2380 mor·

120 2425 200 2456 tem
225 2426 337 2457 statu
359 2416 599 2469 opinionem
626 2416 822 2470 colligere
842 2416 1019 2459 velimus
1034 2447 1048 2468 ,
1071 2415 1320 2469 reperiemus

109 2502 195 2534 eam
224 2493 304 2535 huc
334 2493 484 2536 rediret:
527 2522 552 2548 „
586 2493 785 2536 Animam
808 2493 1018 2535 hominum
1049 2505 1130 2534 csse
1146 2501 1318 2548 partem

1209 2579 1322 2607 men-

1353 280 1442 312 Sect·
1459 280 1486 314 Ῐυ

1353 322 1471 353 Ionici-

1353 365 1480 395 Summa

1353 404 1534 437 sententiae

1353 448 1451 485 Πίος.

1353 1226 1544 1260 Archelaus.

1342 2435 1476 2481 Summa·

1342 2485 1519 2509 sententiae

1343 2519 1490 2553 lonicor.
